2850 5002
639 77 867 141 ...154-

265 235 285 311 §
311 231 380 294 164.
425 232 495 294 Das
518 231 673 294 Pradieat
696 230 863 313 congruirt
891 229 950 292 mit
978 229 1052 294 dem
1075 226 1227 292 letzten
1251 252 1315 294 vo-
1355 255 1381 295 n

180 331 351 397 mehreren
374 332 567 417 Subjeeten:
591 331 745 394 Terenz
769 330 832 393 Ad.
856 319 934 412 5,’3,
957 330 999 393 50
1021 329 1127 394 bonae
1149 338 1223 393 tuae
1237 329 1375 396 isti-,e

180 453 238 495 nos
262 432 423 513 rationes,
460 430 578 513 Micio,
603 442 635 495 et
657 441 731 494 tuus
760 431 823 494 iste
847 432 973 494 animus
997 451 1119 515 aequos
1141 429 1314 494 subverta-
1334 442 1369 495 1.

181 532 259 599 Cic.
283 532 326 595 ad
357 532 452 611 Quir.
481 532 501 595 6
530 533 679 597 consules
708 541 873 616 praetores
903 531 1026 593 tribuni
1053 530 1158 616 plebis
1188 541 1365 596 senatus

180 632 279 696 Italia
301 642 417 697 cuncta
440 654 567 719 semper
589 657 609 697 a
631 631 726 697 vobis
750 632 926 717 deprecata
947 642 1006 695 ost.
1036 631 1176 710 Vera-2,
1194 631 1365 710 77139

180 744 218 798 ut
246 733 396 798 omnibns
425 734 519 798 istius
548 735 650 814 furta,
685 733 771 796 illius
799 730 955 816 flagitium
984 732 1156 817 utriusque
1184 729 1364 797 audacia

182 834 354 918 perspicua
381 856 452 898 esse
480 844 599 920 posset.
630 857 661 919 p.
686 832 777 898 Sulla
802 832 844 895 22
871 842 903 896 et
930 830 1131 915 gladiatores
1160 840 1193 905 et
1219 834 1364 896 omnis

181 935 245 997 ista
273 933 322 998 vis
352 971 394 982 -—
420 936 680 1020 comparabatur.
717 935 759 998 25
787 943 895 998 tamen
925 955 998 996 eum
1025 954 1131 997 mores
1159 933 1261 1018 ipsius
1287 943 1366 996 et

182 1035 252 1098 vita
278 1037 494 1100 convinceret.
529 1060 559 1122 p.
589 1035 678 1100 Sest.
701 1036 742 1099 68
770 1035 871 1098 animi
898 1056 975 1112 vero
1003 1044 1110 1098 motus
1132 1044 1165 1097 et
1193 1033 1368 1099 virtutis

182 1134 321 1218 gloriam
343 1139 575 1222 sempiternam
603 1135 687 1219 (scil.
711 1138 806 1216 esse).
842 1133 903 1219 leg.
934 1134 1021 1200 Man.
1046 1135 1086 1197 12
1115 1134 1242 1198 duabus
1264 1133 1330 1197 PL
1353 1136 1370 1198 i-

184 1237 310 1321 spaniis
334 1248 366 1302 et
382 1237 492 1301 Gallia
508 1235 675 1322 Cisalpina
696 1235 869 1322 praesidiis
896 1257 935 1299 ae
957 1235 1098 1299 navibus
1122 1236 1296 1301 confirmat
1311 1259 1373 1299 aa.

269 1336 430 1402 Sallust
452 1338 535 1402 nach
558 1338 632 1401 dem
656 1337 869 1420 Comparativ
891 1338 950 1400 mit
972 1357 1083 1417 quanm
1105 1358 1130 1399 s.
1155 1340 1185 1417 ξ.
1211 1337 1280 1401 113.

268 1438 411 1503 Livius
434 1440 465 1520 3,
489 1442 506 1502 7
531 1439 662 1503 deserta
683 1437 792 1502 emnia
813 1475 854 1485 —
877 1437 923 1500 dii
945 1436 1112 1522 praesides
1133 1460 1173 1502 ae
1194 1439 1380 1502 fortuma

184 1537 273 1601 urbis
296 1547 402 1602 tutata
424 1548 484 1603 est.
508 1540 538 1617 3,
562 1540 605 1603 30
628 1539 718 1602 domi
740 1538 918 1604 seditiones
940 1537 1039 1602 iidem
1055 1537 1189 1618 tribuni,
1211 1537 1322 1602 eadee
1357 1562 1380 1602 nr

179 1639 240 1725 ,lex
263 1639 417 1704 faciebat.
440 1640 471 1720 4,
496 1640 515 1703 2
538 1662 610 1704 eum
638 1644 708 1704 iure
732 1651 764 1704 et
791 1640 960 1703 maiestate
990 1636 1152 1724 adempta.
1176 1639 1207 1721 3,
1230 1638 1272 1702 66
1358 1650 1383 1703 et

187 1739 326 1803 tribunis
350 1749 382 1804 et
403 1740 499 1826 plebe
522 1741 658 1805 incitata
679 1742 713 1804 in
736 1750 856 1826 patres.
879 1741 910 1822 5,
936 1740 975 1803 15
1003 1741 1178 1805 deerevere
1200 1737 1314 1824 legat.
1350 1763 1383 1805 os

185 1851 355 1926 sortesque
378 1842 503 1906 oraculi
519 1842 649 1928 Pythici
670 1839 918 1927 exspectandas.
941 1841 971 1921 5,
987 1840 1029 1904 23
1044 1852 1157 1906 vatum
1171 1861 1330 1926 resporn
1355 1863 1384 1904 sa

171 1951 220 2011 ,et
242 1940 399 2026 Pythicae
422 1952 525 2007 sortes
548 1953 653 2006 notae.
682 1943 712 2024 8,
738 1944 754 2007 1
778 1942 897 2005 sauciis
926 1962 964 2005 ac
992 1950 1085 2027 parte
1114 1940 1383 2027 impedimen·

188 2052 293 2106 torum
316 2041 440 2105 relicta.
466 2043 496 2123 9,
512 2044 554 2108 35
577 2054 671 2108 scuta
692 2043 869 2127 galeaeque
890 2041 984 2105 ictae.
1007 2042 1059 2123 21,
1074 2042 1117 2107 52
1138 2042 1175 2105 id
1189 2042 1384 2106 Roma-ni

187 2164 290 2228 aequo
306 2143 395 2220 satis,
419 2143 547 2207 Poenus
563 2145 734 2230 periniquo
758 2144 865 2207 animo
889 2140 1026 2207 ferebat.
1048 2142 1138 2225 24,2
1160 2142 1273 2207 urbem
1352 2164 1384 2206 ae

187 2253 316 2329 portum
346 2280 382 2289 -
411 2242 568 2307 validum.
594 2245 647 2327 26,
676 2245 720 2309 24
742 2243 922 2328 Syracusas
946 2242 1156 2329 Capuamque
1186 2255 1324 2329 capta...
1347 2266 1381 2307 m.

187 2345 238 2424 28,
266 2344 309 2407 24
336 2366 399 2408 uon
432 2345 512 2408 socii
539 2346 573 2409 in
601 2346 682 2427 fide,
716 2365 780 2408 non
808 2344 968 2408 exereitus
995 2344 1029 2408 in
1061 2344 1171 2409 officio
1198 2345 1381 2409 manffiit.

189 2444 291 2509 Ibid.:
316 2445 424 2507 omnia
446 2428 583 2510 libidine
610 2468 647 2511 ae
669 2446 803 2511 licentia
828 2443 984 2523 militum,
1013 2445 1094 2509 nihil
1117 2447 1265 2511 instituto
1349 2465 1380 2507 ae

189 2543 362 2629 disciplina
383 2545 519 2611 militiae
544 2585 578 2594 -
605 2547 791 2639 gerebatur.
813 2545 865 2626 32,
891 2548 918 2628 1,
945 2546 992 2609 10.
1017 2546 1069 2628 37,
1092 2548 1124 2629 3,
1147 2547 1178 2611 2.
1199 2547 1252 2629 41,
1275 2544 1375 2624 33,

189 2647 221 2710 5.
250 2668 300 2731 ep.
330 2646 383 2729 21,
409 2649 458 2711 11.
487 2648 540 2730 42,
569 2647 621 2730 63,
650 2649 669 2711 6
696 2670 728 2712 u.
758 2649 807 2710 11.
852 2646 890 2709 In
921 2645 1079 2712 munchen
1108 2646 1215 2713 dieser
1236 2640 1372 2712 rath

190 2748 234 2811 ist
262 2746 314 2813 die
348 2747 540 2813 seheinbare
568 2746 911 2833 Unregelmttssigkeit
943 2745 1219 2832 nothwendig,
1254 2740 1367 2810 ure-il

189 2849 248 2912 das
272 2847 370 2912 letzte
393 2848 537 2934 Subjeet
563 2871 627 2913 von
657 2849 729 2912 dem
757 2847 1044 2931 voraufgeheuden
1073 2857 1225 2933 getrennt
1250 2843 1361 2913 oda

191 2971 250 3033 gar
271 2948 338 3013 ihm
361 2957 651 3034 entgegengesetat
673 2972 714 3012 zu
737 2948 869 3012 denken
891 2949 950 3030 ist3
974 2971 1009 3014 so
1025 2949 1111 3014 oben
1124 2949 1199 3013 Liv.
1213 2940 1350 3030 2152.

95 3074 100 3083 ·
190 3050 242 3132 28,
264 3050 316 3113 24.
361 3050 456 3114 Eben
478 3071 513 3114 so
537 3049 764 3132 nothwendig,
787 3070 881 3113 wenn
911 3049 964 3112 die
979 3049 1154 3134 .Wirkung
1176 3049 1234 3114 des
1254 3043 1341 3113 Plu-

191 3147 407 3236 ralsubjeetes
444 3150 544 3214 durch
573 3153 644 3215 eine
672 3150 920 3237 Apposition
953 3149 999 3213 im
1026 3150 1182 3234 Singular
1217 3147 1332 3234 ausge-

192 3250 298 3314 hobeu
320 3251 417 3314 wird:
449 3251 497 3329 10,
521 3252 561 3315 27
590 3251 738 3316 diversae
766 3251 855 3315 ferae
884 3271 980 3313 cerva
1009 3250 1050 3314 ad
1079 3250 1213 3333 Gallos,
1235 3249 1325 3335 lupus

100 3420 107 3437 Ι
193 3350 235 3413 ad
257 3351 421 3415 Romanos
445 3373 575 3415 cursum
599 3352 745 3417 deflexit.
767 3350 876 3435 25,19
898 3349 1045 3415 eonsules
1060 3388 1101 3398 —
1118 3351 1240 3416 diversi
1254 3345 1320 3416 Ful·

193 3451 266 3514 vius
290 3452 323 3514 in
346 3473 460 3535 agrum
484 3453 677 3536 Cumanum,
702 3452 858 3517 Claudius
881 3452 916 3515 in
936 3452 1089 3523 Lucanos
1112 3452 1194 3517 abit.
1217 3452 1268 3533 22,
1288 3450 1318 3515 41
1414 3514 1424 3529 „

192 3554 333 3616 nitentes
349 3591 389 3598 -
405 3554 455 3617 vir
470 3555 578 3617 virum
595 3554 764 3640 amplexus
781 3552 974 3617 detrahebat
990 3574 1083 3637 equo.
1108 3552 1319 3619 Abweicheud

196 3653 245 3734 10,
267 3652 319 3732 44,
342 3653 362 3715 9
384 3653 506 3718 diversi
529 3655 679 3739 Papirius
702 3655 745 3718 ad
761 3654 946 3740 Saepinum,
970 3652 1134 3718 Carvilius
1148 3653 1195 3719 ad
1206 3653 1323 3719 Veliam
1354 3680 1358 3689 ·

194 3754 447 3839 oppugnandam
469 3754 614 3840 legiones
637 3756 769 3821 ducunt.
1098 3766 1101 3771 '

208 3896 213 3903 ·
279 3855 442 3919 Tacitus
466 3878 542 3920 ann.
568 3858 596 3936 1,
619 3858 660 3921 56
683 3856 867 3941 imbresque
895 3865 928 3920 et
948 3854 1118 3920 fluminum
1147 3865 1264 3920 auctus
1286 3877 1330 3921 re·

194 3955 356 4040 gredienti
371 3957 586 4022 metuebatur.
603 3958 633 4039 2,
649 3958 691 4022 26
702 3960 749 4021 sie
764 3955 888 4022 Suebos
905 3952 1080 4041 regemque
1094 3955 1334 4024 Maroboduum

195 4077 275 4141 paee
297 4054 499 4121 obstrictum.
523 4059 601 4141 Agr.
624 4058 676 4123 24.
700 4056 741 4122 G.
758 4057 810 4121 27.
832 4057 865 4120 h.
889 4063 917 4135 2,
935 4056 984 4121 78.
1008 4078 1083 4120 ann.
1105 4056 1137 4140 2,
1160 4057 1215 4121 71.
1237 4057 1272 4141 4,
1286 4058 1338 4125 49.

280 4156 368 4222 Dass
397 4157 593 4243 umgekehrt
624 4158 683 4223 das
712 4155 948 4242 naehfolgende
974 4157 1128 4223 Pradicat
1157 4157 1256 4226 nieht
1282 4160 1341 4227 mit
