2850 5002
549 343 778 406 -217-

120 494 300 577 tetendiet,
322 517 377 559 um
393 494 457 558 den
473 495 628 580 besagten
643 496 764 559 Zweek
781 518 822 559 zu
838 496 1014 579 erreielren,
1038 497 1097 561 das
1114 497 1239 583 Haupt-

120 620 224 686 rmpus
249 594 431 683 gebraueht
456 596 580 679 haben3
612 618 674 661 nur
696 596 779 662 lasst
800 596 870 661 sich
893 597 989 661 koine
1012 598 1240 685 syntaktiseho

120 698 201 787 egel
220 697 341 763 danaus
363 697 577 763 abstrahiron.

181 800 249 866 Ans
272 799 432 865 Griinden
455 799 513 863 der
542 798 829 866 Deutliclrkeit
856 800 938 864 wird
966 802 1017 865 die
1040 802 1239 888 Repraesen-

122 904 198 970 tion
218 902 411 986 bevorzugt,
434 922 528 965 wenn
553 901 610 965 der
633 898 796 965 Gedanke
821 924 863 965 an
890 903 944 966 ein
965 901 1097 966 imeales
1120 902 1240 968 Bodin-

120 1000 401 1091 rngsverhtiltniss
423 1003 495 1066 fern
518 1000 649 1067 bleiben
672 1001 747 1067 soll:
773 1005 800 1085 1,
823 1005 876 1086 53,
900 1003 1021 1089 8quod
1038 1004 1065 1067 si
1080 1003 1169 1091 apud
1185 1026 1239 1068 eos

120 1104 298 1195 [pplieibus
326 1101 418 1168 loeus
446 1124 511 1166 non
541 1106 598 1186 sii,
632 1114 873 1190 pererraturum
904 1127 939 1168 se
971 1127 1064 1169 omne
1097 1105 1238 1169 Latium.

120 1232 138 1275 5
165 1204 756 1273 55111515(11(5515511515155155555
780 1205 807 1269 si
831 1229 893 1270 non
917 1212 961 1272 est
975 1206 1067 1289 (oder
1077 1208 1143 1289 sit),
1167 1228 1238 1292 per-

120 1308 240 1387 rabo.¹
265 1308 361 1373 Eben
382 1310 419 1371 so
442 1327 495 1371 am
518 1304 652 1372 Sehlnss
675 1305 732 1370 des
749 1307 895 1393 Capitels
916 1312 944 1390 §-
962 1310 995 1371 11
1023 1310 1054 1371 in
1077 1331 1112 1372 se
1133 1308 1239 1395 ipsum

120 1420 257 1477 15155555
279 1408 495 1491 saeviturum,
517 1408 544 1471 si
565 1406 631 1471 5115
644 1409 754 1475 desini.
776 1410 807 1491 3,
830 1409 882 1491 20,
906 1411 924 1474 7
945 1410 1150 1495 nequeenim
1168 1432 1238 1496 pro·

120 1512 296 1577 »eudonem
320 1532 393 1575 esse
415 1508 544 1595 longius
566 1508 609 1573 ab
632 1509 713 1574 urbe
734 1508 826 1573 mille
847 1532 1002 1596 passuum
1027 1522 1058 1576 et
1080 1512 1237 1592 tribunos,

142 1636 184 1679 eo
203 1614 348 1692 veniant,
378 1612 411 1675 in
435 1611 502 1676 alia
523 1611 620 1676 turba
642 1610 821 1691 Quiritium
844 1612 1007 1679 subiectos
1031 1613 1100 1677 fore
1123 1636 1238 1678 eonsu-

120 1714 158 1779 ri
183 1714 331 1803 imperio.
367 1714 399 1797 3,
422 1712 514 1792 62,1
544 1711 675 1798 quando
703 1723 811 1779 autem
839 1734 889 1796 55,
925 1713 952 1777 51
979 1723 1048 1779 tum
1076 1736 1139 1779 non
1164 1717 1236 1794 siat,

120 1838 190 1881 ires
210 1815 360 1882 hostibus
381 1813 478 1880 fore?
522 1812 653 1878 Direot:
685 1813 713 1877 si
741 1836 826 1878 nune
847 1837 911 1879 non
934 1838 1056 1880 sumus.
1090 1816 1121 1898 4,
1148 1817 1195 1895 15,
1222 1820 1234 1879 1
1346 1830 1349 1837 ·

120 1918 247 1982 aelium
271 1918 342 1982 iure
362 1938 493 1982 eaesum
516 1915 753 2001 pronuntiavit,
777 1916 906 1981 etiamsi
929 1919 1020 2002 regni
1042 1918 1176 1981 erimine
1191 1918 1238 1981 in·

120 2041 172 2084 ns
190 2020 301 2103 fuerit,
330 2019 385 2106 qui
413 2026 551 2083 vocatus
579 2038 600 2081 a
620 2017 779 2102 magistro
808 2020 953 2105 equitum
982 2020 1022 2083 ad
1046 2020 1237 2083 dictatorem

120 2142 162 2185 m
187 2121 341 2190 venisset.
391 2119 462 2185 Das
484 2118 693 2183 Verbreehen
723 2118 781 2183 der
803 2119 1004 2205 Usurpation
1034 2120 1093 2185 soll
1123 2129 1237 2187 ((5551-

120 2218 246 2288 hieden
268 2221 410 2303 bleiben,
434 2218 568 2285 deshalb
590 2219 681 2284 nieht
701 2221 819 2301 suisset.
842 2223 872 2305 6,
898 2225 948 2304 11,
970 2223 1079 2286 4eum
1095 2222 1237 2305 interim,

144 2326 216 2413 quis
238 2345 316 2389 vere
337 2322 508 2389 aestimare
529 2323 610 2402 uelit,
633 2345 653 2387 a
676 2321 720 2385 M.
738 2322 837 2387 Furio
859 2324 1045 2411 recuperari
1066 2324 1174 2409 patria
1196 2346 1238 2388 ex

120 2426 264 2493 ’sidione
290 2425 435 2491 hostium
456 2446 524 2489 non
545 2424 703 2511 potuerit,
733 2424 795 2488 nisi
826 2447 845 2489 a
868 2448 903 2490 55
925 2426 1016 2512 prius
1040 2424 1237 2513 Capitolium

120 2546 274 2613 quoarx
296 2534 427 2593 servata
453 2530 529 2591 esset
558 2525 724 2608 (letzteres
753 2526 964 2612 notlrwendig
985 2526 1236 2615 Plusquamper-

120 2638 165 2695 et
182 2651 296 2716 wegen
318 2628 376 2693 der
397 2625 538 2692 irrealen
552 2626 775 2713 Bedingung).
802 2627 832 2710 8,
856 2629 885 2709 2,
913 2630 950 2692 13
972 2629 1084 2715 itaque
1099 2629 1236 2715 Campa-

120 2746 168 2816 15,
187 2754 242 2798 seu
264 2731 360 2797 551151
380 2750 439 2794 seu
460 2729 570 2807 nolint,
594 2729 770 2815 quieturos.
806 2727 897 2794 Aber
912 2730 945 2793 in
961 2729 1025 2794 den
1041 2753 1106 2796 von
1122 2730 1237 2801 Kiihn·

120 2838 147 2893 ·t
170 2833 201 2899 S.
221 2833 285 2899 222
308 2832 441 2897 51115155
463 2828 584 2895 Stellen
606 2852 666 2893 aus
692 2831 719 2911 1,
742 2830 796 2913 40,
818 2831 838 2895 3
861 2830 928 2896 und
951 2832 1003 2912 35,
1029 2833 1078 2915 17,
1102 2833 1119 2895 7
1149 2831 1237 2895 liudo

120 2924 148 2993 h
171 2934 220 2999 iiir
240 2933 294 2999 die
316 2931 416 2998 Wahl
437 2932 496 2996 der
517 2931 680 3017 Tempora
701 2931 800 2996 keine
822 2932 1008 3016 derartigen
1031 2930 1177 2999 Grinde.
1194 2970 1236 2980 —

121 3028 165 3100 ie
177 3034 321 3118 Ansieht,
344 3032 420 3099 dass
441 3055 484 3098 an
505 3033 667 3118 gewissen
682 3031 805 3098 Stellen
827 3033 887 3098 das
910 3035 980 3099 eino
996 3033 1139 3119 Tempus
1162 3034 1235 3099 dem

120 3142 421 3223 ltgegengesetzten
445 3133 493 3199 515
516 3122 654 3199 1151151
673 3134 766 3219 (oder
786 3135 914 3219 Folie)
938 3135 1033 3199 dione
1056 3134 1136 3199 oder
1159 3135 1234 3199 dass

120 3238 196 3303 lreh
233 3239 286 3304 ein
327 3234 484 3325 pititzlieh
517 3236 737 3301 eintretendes
772 3236 1015 3324 Haupttompus
1053 3236 1106 3301 dio
1139 3236 1236 3304 letzte

120 3340 273 3427 andlang
294 3338 421 3424 „nither
442 3336 604 3423 geriiekt“
627 3338 758 3402 werden
786 3337 881 3422 sollo,
912 3340 974 3403 wie
1002 3338 1235 3404 Weissenborn

120 3454 134 3499 ι
164 3440 209 3525 26,
231 3442 284 3524 24,
307 3442 328 3505 5
350 3439 547 3525 behauptet‚
576 3438 666 3502 kann
693 3439 746 3504 ich
774 3439 865 3505 nicht
894 3439 1026 3506 theilen.
1070 3438 1237 3504 Vielmehr

120 3534 237 3609 'kenne
257 3541 312 3609 ioh
327 3540 403 3607 dort
417 3539 543 3607 uberall
557 3563 618 3604 nur
634 3541 707 3604 eino
728 3539 983 3606 stilistisehe
999 3541 1235 3607 Abwoehse·

120 3656 192 3729 ing
210 3646 279 3711 der
302 3644 542 3729 Endungen,
575 3640 644 3707 also
673 3643 706 3706 in
729 3641 904 3728 folgenden
934 3641 1072 3707 Stellen:
1107 3645 1159 3724 22,
1183 3643 1236 3725 32,

141 3746 211 3812 aa
231 3748 260 3811 51
282 3767 395 3811 omnes
417 3760 469 3810 res
492 3742 781 3831 Neapolitanorum
810 3767 886 3809 suas
909 3744 1083 3809 duxissent
1106 3742 1235 3829 dignos-

120 3858 170 3907 ue
184 3846 397 3914 iudicaverint
419 3845 533 3928 (beide
556 3845 666 3910 Verba
687 3844 735 3909 als
752 3846 950 3934 Oonjunetiv
974 3847 1032 3911 (155
1048 3845 1123 3909 Fut.
1142 3867 1235 3909 exac-

120 3948 193 4031 115).
220 3949 271 4035 22,
298 3950 352 4032 34,
381 3950 455 4013 lu.
478 3948 498 4013 8
520 3947 676 4013 fecissent
704 3985 742 3994 -
767 3948 933 4011 desierint.
967 3948 1019 4027 23,
1045 3949 1094 4027 11,
1117 3948 1191 4011 511.
1216 3946 1236 4010 6

120 4038 221 4115 4111551
239 4088 277 4098 -
301 4049 435 4115 15515551
456 4088 497 4097 -
519 4049 722 4136 pervenisset
745 4090 782 4099 —
807 4049 968 4134 imperata
996 4048 1072 4112 sint.
1101 4048 1154 4127 26,
1183 4046 1234 4127 24,

120 4136 403 4217 15555155155555
426 4172 513 4231 5555,
541 4161 577 4216 ut
605 4173 672 4217 non
699 4151 740 4215 iis
768 4149 865 4215 modo
894 4148 1044 4229 urbibuS,
1074 4170 1155 4234 quas
1178 4171 1236 4234 per

120 4240 181 4309 11111
200 4252 390 4319 ademissent
410 4251 555 4336 Aetolis,
586 4252 762 4331 excedant,
793 4252 849 4315 sed
878 4252 980 4337 ipsam
1009 4249 1235 4315 Macedoniam

123 4336 248 4417 inferam
268 4355 420 4421 seaeant.
443 4353 495 4436 55,
518 4353 571 4436 55,
594 4356 623 4418 5.
647 4376 698 4441 ep.
721 4353 773 4433 55,
797 4354 827 4417 7.
850 4353 902 4433 27,
924 4352 977 4435 45,
1000 4355 1029 4420 s.
1052 4352 1106 4433 ao,
1129 4352 1180 4436 55,
1203 4354 1234 4417 s.

129 4436 173 4523 3⁸»
188 4448 228 4537 58,
246 4458 275 4521 8.
310 4456 403 4524 Noeh
427 4454 608 4523 deutlieher
629 4454 696 4519 und
719 4477 803 4541 ganz
826 4452 1092 4541 unwiderleglieh
1108 4454 1151 4520 ist
1166 4455 1234 4521 dios
