2804 4996
514 375 745 440 —163-

104 525 140 590 die
158 531 294 615 negative
317 528 415 594 Form
442 529 486 595 iat
513 529 568 593 flir
594 529 656 593 den
683 528 858 594 Ausdruck
887 528 1120 594 entscheidend
1150 550 1203 616 ge·

102 649 121 690 w
191 680 198 695 ·
1176 675 1181 681 .

122 633 189 797 333.)
206 731 275 796 Das
298 732 523 798 Pronomen
551 732 595 798 ist
621 736 674 798 ein
696 732 871 800 Relatis.
915 733 1013 796 Dann
1041 733 1134 798 sollte
1168 756 1203 800 es

96 841 286 918 naurgemttss

155 958 179 999 a.
205 936 270 1000 mit
302 935 388 1000 dem
416 935 842 1021 Beziehungsbegriff
866 937 917 1000 im
946 935 1205 1033 Hauptsatne

89 1038 317 1122 congruireu.
368 1037 437 1102 Cic.
467 1037 520 1100 off.
547 1038 580 1119 2,
607 1038 628 1102 5
661 1047 768 1124 motus
796 1039 897 1101 animi
924 1037 1089 1120 turbatos,
1123 1058 1204 1124 quos

85 1130 185 1202 Graeci
214 1136 311 1222 πάθη
345 1136 523 1203 nominant.
560 1138 615 1203 fin.
643 1140 674 1223 5,
702 1138 722 1203 6
750 1141 931 1226 appetitum
958 1139 1074 1221 animi,
1108 1160 1204 1225 quem
1307 1222 1309 1229 Α

80 1223 174 1323 toppo
194 1238 313 1305 Graeci
336 1249 464 1306 vocant.
487 1263 519 1304 n.
542 1239 575 1303 d.
597 1240 629 1322 2,
652 1239 673 1305 5
696 1240 817 1323 stellis,
849 1262 930 1327 quas
954 1239 1074 1305 Graeci
1096 1263 1201 1306 come-

18 1385 21 1395 .
75 1341 133 1422 tas,
150 1342 250 1406 nostri
272 1342 559 1408 crinitasvocant.
581 1362 633 1428 cp.
657 1343 700 1406 21)
715 1341 809 1407 Jovis
832 1342 939 1425 stella,
962 1364 1045 1428 quae
1061 1349 1203 1426 φαέθων

10 1474 12 1481 -
71 1433 189 1507 dicitur.
233 1466 266 1507 n.
289 1442 322 1506 d.
344 1442 377 1525 2,
399 1443 441 1508 66
463 1442 618 1523 insulam,
652 1466 749 1530 quam
765 1464 825 1509 nos
848 1443 960 1508 orbem
983 1451 1089 1508 terrae
1110 1466 1206 1511 voca-
1316 1443 1319 1449 ’

67 1555 148 1608 mus.
188 1543 398 1609 Zweil'elhaft
420 1543 454 1608 in
482 1543 661 1627 folgenden
684 1544 823 1611 Stellen:
853 1567 921 1630 rep.
944 1544 975 1629 6,
997 1545 1040 1608 20
1061 1546 1143 1608 mari
1165 1585 1206 1594 —

63 1657 160 1722 (luem
181 1644 237 1730 (al.
261 1643 365 1730 quod)
388 1644 555 1710 Oceanum
578 1646 761 1733 appellatis.
785 1669 817 1710 n.
833 1646 863 1711 d.
879 1646 910 1728 2,
933 1647 975 1711 45
991 1642 1114 1710 summa
1129 1669 1204 1733 pars

60 1744 157 1828 caeli,
178 1746 232 1832 qui
255 1744 313 1830 (al.
336 1747 434 1832 quae)
457 1745 572 1811 aether
594 1746 723 1813 dicitur.
746 1769 794 1834 cp.
815 1748 857 1812 55
879 1747 988 1813 cordis
1010 1758 1105 1833 parte
1127 1771 1205 1835 qua·

10 1904 13 1947 i
57 1837 153 1930 darn,
173 1868 269 1932 quam
293 1846 349 1932 (al.
364 1849 474 1934 quem)
497 1848 714 1914 ventriculum
738 1849 846 1913 cordis
861 1847 1038 1934 appellant.
1055 1859 1135 1914 orat.
1154 1850 1205 1932 11,

10 1952 14 2019 ξ’
54 1939 99 2005 36
131 1947 276 2031 formam,
300 1949 357 2034 qui
378 1948 431 2028 (al.
456 1950 563 2035 quae).
577 1946 748 2034 χαρακτὴρ
771 1949 898 2015 Graece
924 1950 1053 2015 dicitur.

10 2122 12 2131 ¹
61 2070 67 2077 ·
149 2049 257 2115 Caes.
278 2049 312 2115 b.
335 2071 368 2135 g,
390 2051 421 2133 5,
447 2050 482 2113 11
507 2039 628 2115 flumen
656 2088 693 2098 -
725 2050 812 2136 quod
839 2049 1022 2137 appellatur
1044 2049 1205 2117 Tamesis,

10 2152 12 2157 '
53 2140 84 2206 b·
118 2172 149 2214 c.
169 2150 200 2234 3,
222 2150 242 2214 6
264 2149 308 2213 ad
330 2171 400 2215 euna
423 2149 541 2234 locum,
565 2154 621 2238 qui
642 2151 871 2238 appellabatur
892 2151 1053 2216 Palaeste.

24 2318 27 2323 ,
150 2250 251 2316 Ovid
278 2273 319 2314 m.
345 2253 373 2335 1,
400 2252 421 2317 6
446 2274 530 2317 unus
558 2262 629 2318 erat
654 2262 722 2320 toto
749 2262 885 2318 naturae
913 2253 1024 2318 vultus
1055 2256 1088 2318 in
1116 2256 1205 2334 orbe,

56 2365 161 2429 quem
185 2352 299 2417 dixere
322 2351 442 2418 Chaos.
469 2353 544 2422 fast.
574 2353 606 2437 2,
628 2355 691 2419 293
719 2363 812 2442 parte
839 2354 948 2420 locant
975 2354 1114 2437 clivum,
1149 2356 1205 2442 qui

58 2453 144 2518 lunc
163 2463 232 2518 erat
253 2454 356 2519 ardua
380 2476 491 2543 rupes.

150 2555 241 2621 Liv.
269 2557 305 2638 4,
337 2556 380 2620 28
412 2558 623 2640 necessitate,
657 2579 741 2644 quae
772 2557 922 2622 ultimum
955 2578 993 2621 ac
1026 2557 1205 2621 maximum

65 2647 166 2719 telum
186 2666 246 2724 est.
260 2657 292 2737 5,
313 2657 356 2722 25
378 2668 538 2723 crateram
561 2679 702 2741 auream,
725 2678 807 2744 quae
829 2656 949 2723 donum
966 2657 1111 2744 Apollini
1127 2657 1205 2722 Del-

70 2747 150 2832 phos
179 2765 376 2844 portaretur.
397 2760 430 2841 6,
457 2759 500 2825 33
526 2760 689 2824 Satricum
718 2759 815 2842 urbs,
850 2781 932 2845 quae
965 2759 1206 2845 receptaculum

10 2856 16 2895 '³
74 2847 180 2922 luerat
200 2859 252 2940 22,
274 2857 430 2942 205555,
453 2882 538 2947 quae
560 2869 659 2946 caput
680 2859 807 2925 insulae
830 2869 890 2925 est.
912 2861 964 2943 31,
986 2861 1027 2924 41
1044 2870 1093 2925 est
1116 2861 1207 2924 sinus

12 2990 15 2995 Δ
46 3040 51 3047 Ι
78 2945 242 3042 huboieus,
265 2983 363 3047 quem
377 2960 478 3027 Coela
498 2971 626 3028 vocant.
648 2962 699 3043 37,
722 2962 764 3026 22
786 2971 910 3048 portus,
933 2983 1028 3048 quem
1044 2960 1207 3046 Megisten

10 3060 23 3099 ’.ἶ
82 3069 191 3127 uocant·
1130 3061 1136 3074 '

89 3240 92 3245 .
157 3161 255 3229 (lunt.
284 3164 314 3242 3,
343 3164 371 3241 8,
404 3165 443 3230 13
471 3164 514 3229 ad
542 3184 613 3230 eum
640 3164 764 3247 locum,
791 3187 887 3251 quem
913 3164 1089 3230 Amanicas
1112 3163 1206 3251 pylas

10 3250 37 3300 r).
92 3270 196 3327 noant.
222 3266 254 3350 4,
280 3266 331 3349 13,
358 3265 400 3329 26
427 3266 570 3352 equites,
597 3287 677 3352 quos
706 3288 822 3350 agema
849 3256 1026 3352 appellant.
1053 3267 1084 3346 5,
1114 3269 1142 3348 1,
1168 3267 1207 3330 15

10 3360 39 3405 3-3
96 3363 189 3448 campi,
215 3387 296 3451 quos
323 3366 449 3432 incolae
470 3367 740 3453 Mesopotamiam
769 3366 962 3454 appellant..
992 3368 1076 3431 Sen.
1101 3377 1205 3432 const.

14 3442 44 3499 33
101 3453 136 3538 16,
153 3463 169 3526 3
186 3475 216 3532 et
242 3467 322 3553 quid
351 3477 401 3534 est
422 3467 520 3550 illud,
548 3469 634 3555 quod
662 3468 859 3534 contumelia
885 3468 1014 3532 dicitur.
1037 3489 1087 3555 ep.
1111 3469 1164 3547 67,
1187 3470 1206 3532 8

16 3563 40 3626 Os
102 3549 159 3624 illud
176 3577 246 3653 opto
267 3569 408 3641 fortiter,
432 3569 520 3656 quod
543 3581 593 3635 est
615 3572 731 3635 virtus.
781 3569 888 3635 Suet.
912 3568 1028 3634 Claud.
1050 3571 1093 3634 46
1115 3592 1207 3634 exor-

19 3659 49 3705 33
105 3657 140 3722 lu
160 3670 285 3736 crinitae
312 3669 441 3752 stellae,
470 3692 567 3758 quam
596 3679 744 3737 cometen
773 3681 903 3737 vocant.
953 3670 1045 3756 Nep.
1072 3674 1103 3750 4,
1130 3672 1160 3750 3,
1187 3671 1207 3734 6

21 3760 49 3805 3
109 3762 178 3836 tinus
199 3771 361 3856 quoddam
389 3771 574 3855 hominum,
602 3772 690 3859 quod
712 3770 850 3837 Helotae
875 3766 1021 3837 uocatur.
1052 3773 1102 3854 18,
1130 3774 1161 3854 5,
1187 3772 1208 3835 3

10 3844 55 3911 >0¹⁴⁴
111 3866 237 3935 mullum
263 3872 445 3960 Phrygiae,
466 3874 559 3968 ¹quod
582 3872 671 3938 Nora
703 3872 897 3961 appellatur.
918 3912 959 3920 -
975 3871 1077 3936 Gell,
1101 3873 1131 3953 2,
1154 3872 1206 3953 21ι

19 3952 57 4006 333
113 3955 198 4055 llius,
223 3973 308 4059 quod
331 3973 450 4039 Graeci
477 3971 607 4058 ἄμαξαν
634 3983 691 4040 ctt.
714 3976 746 4058 3,
771 3975 821 4055 10,
844 3975 864 4037 9
890 3971 1034 4060 pericula
1065 4010 1098 4019 -
1125 3993 1208 4057 quae

10 4051 44 4153 33
117 4052 273 4138 3311151555
295 4074 453 4141 Chaldaei
470 4074 657 4163 appellant.
690 4076 723 4155 4,
745 4076 775 4158 4,
802 4078 817 4139 1
847 4077 880 4139 in
908 4096 945 4140 co
967 4081 1060 4160 parte
1082 4071 1206 4155 ltaliae,

10 4173 13 4211 ²
47 4164 62 4203 '³²
119 4173 174 4238 que
183 4168 295 4240 Latium
317 4177 510 4264 appellatur.
533 4177 565 4259 4,
591 4177 640 4261 10,
667 4177 705 4242 13
720 4175 851 4257 animal,
875 4174 961 4261 quod
977 4173 1082 4238 urtica
1097 4171 1206 4259 appel·

10 4272 18 4312 3
61 4266 64 4271 ’
121 4249 448 4359 l⁸l¹1¹·6,2,1fatum‚
472 4278 703 4365 quodGraeci
727 4276 931 4362 εἱμαρμένην
959 4282 1087 4339 vocant.
1132 4274 1208 4354 §.9

10 4364 63 4451 333
125 4372 302 4454 llillequentia
328 4416 365 4426 -
393 4401 476 4466 quae
503 4380 608 4445 fatum
635 4387 781 4444 vocatur.
813 4417 849 4424 -
880 4374 1057 4461 Capitol.
1087 4373 1164 4439 Ver.
1187 4378 1207 4435 ll

11 4460 68 4529 3³³*
127 4461 214 4548 norbo,
236 4497 323 4560 <luem
350 4481 528 4567 amplexis
549 4489 679 4546 vocant.
703 4479 860 4563 eutrop
888 4476 917 4556 3›
947 4478 987 4541 33
1015 4477 1124 4558 33333)
1148 4477 1204 4562 qui

161 4557 261 4620 llrssnsn.
273 4578 331 4623 mse.
339 4581 433 4659 fianta:
446 4581 467 4624 (1
481 4583 533 4624 Lat.
548 4583 598 4630 spr.
949 4599 980 4647 12
