2850 5002
617 318 847 383 -239-

148 473 269 539 Verus
291 470 310 535 'l
332 492 407 535 oum
429 469 537 535 Verus
565 473 726 558 posterior
753 471 834 535 nihil
857 471 992 557 dignum
1018 482 1147 557 praeter
1169 472 1304 538 clemen-

150 576 240 640 tiam
263 572 299 635 in
319 571 466 636 moribus
488 572 647 637 habuerit.
682 573 772 636 Peso.
796 573 815 636 9
838 595 897 636 neo
918 572 1024 638 abfuit
1039 575 1203 660 responsis
1219 576 1304 638 veri-

151 686 220 755 tas,
245 694 320 736 cum
341 670 397 737 ille
418 674 572 737 iuventus
594 675 639 737 sit
661 675 755 737 iuxta
776 671 928 759 paludem
950 675 1139 739 semivivus.
1166 675 1303 761 Capitol.

153 773 273 839 Albin.
296 774 321 837 5
346 796 422 837 eum
449 773 646 838 Caesariana
675 773 800 837 familia
828 775 889 840 hoo
922 774 1063 861 speciale
1091 776 1241 840 habuerit
1269 786 1304 841 ut

154 873 289 961 parvuli
311 873 428 938 domus
450 875 520 939 eius
543 876 577 938 iu
599 875 791 941 testudineis
808 875 910 939 alveis
927 876 1114 939 lavarentur
1129 886 1185 942 ctt.
1209 877 1302 941 Laur-

156 976 244 1061 prid.
269 975 401 1061 Heliog.
427 977 466 1039 14
488 998 563 1041 nam
584 974 675 1040 nulla
697 979 730 1040 vi
754 977 825 1062 quis
848 976 968 1040 adduci
990 978 1096 1062 potuit
1118 988 1154 1043 ut
1177 988 1303 1043 tanturn

159 1075 288 1140 lacinus
316 1076 482 1163 impleret,
517 1099 590 1141 cum
616 1078 651 1140 in
678 1078 786 1163 ipsum
814 1079 918 1163 magis
953 1099 1110 1143 conversa
1139 1081 1203 1144 sint
1228 1079 1303 1159 tela,

159 1198 243 1261 quae
264 1178 405 1264 parabat
426 1177 509 1262 aliis,
532 1178 575 1243 ab
596 1170 767 1262 iisque'sit
788 1178 990 1260 interfectus,
1015 1180 1132 1264 quibus
1149 1180 1230 1246 alios
1246 1204 1302 1268 ap-

160 1278 304 1361 petebat.
326 1316 369 1375 .—
391 1279 455 1343 uin
477 1278 546 1343 Mal
573 1280 656 1345 auch
684 1279 767 1343 nao'h
794 1282 890 1361 quod:
914 1278 1051 1365 Capitol.
1083 1282 1158 1346 Ant.
1182 1282 1260 1347 Pius
1283 1283 1304 1345 2

160 1375 238 1443 Pius
261 1382 509 1465 cognominatus
533 1391 582 1446 est
603 1404 624 1445 a
645 1390 770 1464 senatu,
794 1380 847 1444 vel
869 1381 955 1467 quod
971 1403 1119 1446 socerum
1134 1383 1222 1447 fessa
1237 1385 1302 1446 iam

159 1488 268 1546 aetate
294 1504 395 1545 manu
422 1483 577 1547 deuouit.
627 1482 696 1546 Der
718 1481 893 1546 Verfasser
921 1482 994 1566 fiigt
1022 1482 1164 1567 sogleich
1194 1484 1302 1569 hinnu,

160 1577 238 1645 dass
272 1582 383 1648 dieser
410 1583 525 1649 Grund
552 1584 645 1649 nieht
674 1582 942 1664 walirscheinlioh
970 1585 1033 1664 sei,
1067 1584 1136 1647 und
1167 1584 1302 1650 deshalb

159 1680 261 1748 wahlt
282 1706 318 1748 er
340 1684 403 1749 den
426 1683 626 1772 Conjunctiv
648 1683 695 1748 als
717 1682 835 1748 Modus
859 1685 916 1748 der
938 1685 1049 1749 Oratio
1077 1684 1226 1770 obliqua3
1250 1687 1303 1749 die

157 1779 231 1844 vier
246 1785 345 1850 Sttze
365 1786 427 1850 mit
448 1786 496 1850 vel
516 1787 608 1870 quod,
631 1785 684 1849 die
707 1785 827 1849 darauf
844 1786 956 1870 fulgen
977 1786 1044 1849 und
1067 1786 1121 1848 die
1143 1785 1207 1850 don
1230 1787 1302 1850 Bei-

156 1899 277 1948 namen
305 1886 437 1968 „Pius“
467 1886 579 1949 besser
611 1888 802 1971 begrtinden
834 1886 952 1970 sollen,
984 1886 1089 1950 haben
1122 1887 1186 1949 den
1216 1886 1302 1950 Indi-

155 1983 259 2052 cativ.
774 1981 778 1986 ’

245 2089 276 2153 7.
301 2088 635 2155 Concessivstttze
651 2092 710 2155 mit
721 2111 800 2172 oum,
816 2091 971 2171 qrraruois,
988 2110 1191 2170 qrrontquum.
1209 2089 1302 2153 Caes.

154 2176 187 2243 b·
213 2206 248 2271 g.
273 2191 303 2272 1,
325 2190 368 2254 26
389 2211 466 2255 narn
488 2189 549 2255 hoc
571 2200 639 2255 toto
661 2191 799 2277 proelio,
831 2212 901 2255 curu
929 2191 970 2256 ab
997 2182 1078 2254 hora
1099 2192 1238 2275 septimo
1260 2191 1303 2254 ad

152 2300 333 2373 vesperum
355 2300 537 2377 pugnaturn
559 2294 613 2375 sit,
635 2313 787 2356 aversum
809 2291 936 2356 hostem
952 2292 1063 2355 videre
1078 2314 1171 2356 nemo
1187 2294 1302 2378 potuit.

152 2376 304 2474 Capitol.
326 2394 406 2457 Ant.
429 2393 508 2456 Pius
531 2393 551 2457 9
577 2402 705 2458 tantum
733 2416 810 2457 sane
839 2393 1040 2459 auctoritatis
1064 2394 1151 2478 apud
1174 2403 1302 2458 exteras

150 2500 274 2563 gentes
302 2515 397 2559 nemo
424 2495 557 2579 habuit,
587 2517 660 2559 cum
693 2517 820 2582 semper
846 2496 1007 2560 amaverit
1027 2515 1150 2580 pacem.
1195 2495 1302 2580 Spart.

150 2578 236 2657 Sev.
263 2596 304 2659 12
324 2605 401 2681 post
422 2594 503 2660 haee
525 2594 566 2659 de
589 2618 648 2661 sua
669 2597 842 2661 clementia
860 2596 1026 2677 disseruit,
1050 2618 1124 2659 oum
1146 2595 1302 2678 crudelis·

149 2682 261 2760 ⁸imus
290 2696 451 2769 fueritet
479 2706 646 2763 senatores
671 2698 758 2762 infra
787 2699 924 2785 scriptos
956 2696 1120 2762 occiderit.
1169 2698 1302 2785 Lampr.

148 2780 285 2862 (lotum.
308 2798 329 2861 8
351 2797 535 2884 appellatus
551 2808 601 2880 est
615 2797 811 2864 Commodus
829 2800 925 2864 etiarn
942 2799 1149 2864 Britannicus
1164 2800 1206 2863 ab
1224 2800 1303 2863 udu-

146 2878 332 2983 latoribus,
355 2922 430 2965 cum
452 2898 599 2964 Britanni
623 2901 721 2964 etiam
742 2901 971 2984 imperatorem
992 2911 1107 2965 eontra
1128 2923 1201 2964 eurn
1224 2899 1302 2964 deli·

144 3002 235 3065 gere
258 3000 433 3090 voluerint.
456 3000 552 3065 Eben
574 3024 609 3067 so
632 2999 729 3066 Alex.
753 3001 829 3066 Sev.
851 3003 902 3070 51.
925 3002 976 3066 53.
1000 3000 1142 3065 Trebell.
1159 3000 1301 3065 Gallico.

146 3084 206 3155 ll·
231 3100 370 3188 Vopisc.
394 3101 507 3167 Aurel.
529 3103 580 3167 42.
603 3140 645 3152 -
674 3103 753 3169 Cum
780 3104 907 3168 interim
933 3103 986 3167 bei
1009 3102 1081 3166 Val.
1104 3102 1194 3166 Mox.
1218 3104 1248 3186 ’1,
1272 3103 1302 3185 8,

141 3181 178 3251 6.
207 3198 302 3269 Just.
324 3203 356 3287 2,
381 3204 432 3271 14.
454 3204 506 3286 44,
529 3203 559 3269 2.
584 3203 726 3291 Capitol.
750 3203 852 3269 eoru.
885 3204 933 3268 ro.
957 3243 998 3252 -
1023 3205 1189 3284 malive:
1222 3204 1302 3268 rae.

141 3303 233 3364 ann,
264 3305 314 3387 15,
336 3306 380 3370 52
402 3322 518 3391 expers
541 3306 775 3370 coniurationis
798 3316 876 3385 erat,
900 3308 1049 3391 quamvis
1074 3328 1171 3392 super
1187 3326 1224 3369 co
1240 3306 1302 3370 cri·

138 3393 248 3471 mine
269 3407 359 3471 Nero
381 3415 476 3471 vetus
498 3406 675 3472 adversum
696 3409 855 3472 insontem
871 3408 981 3472 odium
999 3407 1190 3493 expleverit.
1214 3406 1302 3473 Flor.

138 3483 178 3605 3’.
207 3504 264 3588 19,
290 3510 324 3571 11
351 3529 393 3572 ne
415 3507 456 3571 de
479 3507 561 3572 duce
582 3507 714 3594 quidem
736 3507 929 3596 supplicium
945 3510 1036 3593 exigi
1050 3512 1167 3595 potuit,
1191 3532 1302 3596 quam-

139 3605 203 3661 V¹8
231 3608 269 3673 in
290 3630 407 3674 manus
426 3611 563 3675 venerit.
597 3608 639 3674 So
662 3609 746 3673 auoh
769 3611 877 3694 Spart.
900 3610 1004 3674 Hadr.
1027 3611 1058 3674 5.
1098 3610 1173 3676 Ser.
1197 3612 1226 3674 7.
1253 3612 1301 3695 14,

137 3682 205 3807 2}
235 3709 379 3797 Capitol.
402 3710 540 3775 Macrin.
557 3712 599 3796 2.
642 3712 775 3797 Lampr.
805 3710 934 3797 Heliog.
956 3713 988 3775 2.
1032 3710 1129 3776 Alex.
1153 3712 1227 3777 Sev.
1254 3714 1302 3776 ll.

137 3786 206 3863 40·
234 3812 287 3879 46.
332 3813 425 3877 Lact.
446 3813 477 3896 4,
502 3813 551 3896 18,
578 3815 614 3875 11
638 3815 785 3899 quamvis
807 3813 962 3878 innocens
985 3815 1094 3878 fuerit.
1120 3851 1162 3861 -
1186 3814 1302 3892 eruru-

140 3906 272 3978 quam:
294 3913 373 3978 Tac.
397 3916 481 3999 Agr.
514 3915 551 3978 13
578 3936 775 4000 quamquam
804 3916 957 3981 terruerit
981 3953 1015 3962 —
1046 3924 1078 3977 et
1101 3916 1195 3978 litore
1216 3915 1301 3999 poti-

140 3996 209 4067 tus
239 4017 293 4081 sit.
321 4036 399 4080 ann.
427 4016 459 4098 6,
487 4017 527 4080 51
556 4024 649 4101 pater
680 4019 710 4080 ei
732 4010 817 4080 Nero
841 4026 873 4080 et
894 4018 1057 4101 utrimque
1079 4017 1171 4100 origo
1194 4016 1302 4099 gentis

142 4088 334 4205 Claudiae,
356 4138 552 4204 quamquam
573 4121 676 4181 mater
698 4120 732 4181 in
754 4118 885 4183 Liviam
908 4128 941 4181 et
962 4139 1039 4181 rnox
1062 4115 1184 4181 duliam
1210 4116 1301 4181 fami-

144 4184 243 4280 l¹¹2111
266 4217 498 4304 adoptionibus
528 4218 705 4286 transierit.
749 4218 839 4283 Suet.
872 4219 965 4281 Caes,
989 4218 1040 4281 79.
1085 4216 1195 4294 «lustin
1217 4218 1248 4298 2,
1275 4220 1301 4286 l.

123 4292 275 4415 Aurei.
297 4319 391 4384 vict..
408 4320 437 4401 1,
463 4320 495 4384 3.

251 4420 281 4486 8.
307 4420 347 4485 In
374 4420 545 4486 einfaohen
568 4420 951 4486 Substantivstttnen
979 4420 1011 4484 d.
1034 4419 1066 4483 lr.
1088 4421 1158 4485 also
1182 4423 1216 4486 in
1239 4422 1300 4487 Ne·
