2850 5002
613 313 845 379 -273-

165 464 195 529 in
220 464 276 529 der
294 462 548 549 (legenwart,
571 464 655 527 ohne
678 466 754 529 dass
778 466 875 529 ‹labei
899 466 956 530 (las
973 468 1111 531 Kiinncn
1127 465 1300 551 geleugnet

164 566 262 631 uird:
286 564 351 631 cic.
375 565 475 629 'l¹use.
500 567 527 645 1,
550 566 602 647 34,
626 566 668 629 84
683 588 811 651 possem
836 567 922 630 idern
945 566 1051 631 lacere
1077 568 1160 650 (scil.
1184 569 1212 631 si
1235 567 1300 632 rel-

94 677 96 705 Ι
164 663 246 750 lern3
273 668 414 730 sednon
436 666 546 748 facio).
576 666 660 730 Phil.
683 668 715 748 3,
741 669 789 747 11,
812 668 853 732 28
882 669 966 733 lianc
993 691 1071 733 vero
1100 670 1300 734 teterrimam

94 792 99 855 ᾗ
164 764 286 831 beluam
307 768 379 855 quis
401 766 488 831 ferre
510 777 620 853 posset
637 771 697 848 (se.
714 769 742 831 si
757 768 882 853 vellet).
916 770 977 835 lllit
994 770 1298 855 Berlingungssatz:

94 860 101 925 i
166 866 230 931 liv.
253 868 278 949 2,
303 870 345 932 46
372 868 492 954 quodsi
524 872 604 932 haec
633 879 722 933 astro
751 869 942 954 ingenerata
972 881 1004 935 ct
1031 872 1153 935 tradita
1181 881 1298 952 essent,

94 936 105 1580 Ι
166 968 252 1033 nulla
270 990 317 1034 res
340 992 378 1034 ea
400 980 527 1034 mutare
549 980 670 1057 posset.
695 1009 732 1017 —
758 970 851 1035 Sall.
881 973 953 1039 (lat.
977 975 995 1036 7
1023 994 1201 1037 mernorare
1224 996 1298 1059 pos-

168 1088 247 1149 sem,
272 1071 386 1157 quibus
416 1071 452 1133 in
479 1070 560 1136 locis
589 1093 759 1135 maxumas
786 1072 929 1137 hostium
957 1075 1067 1160 copias
1095 1074 1235 1161 populus
1258 1076 1298 1138 ll.

167 1188 260 1251 parve
278 1196 375 1237 manu
396 1173 521 1237 fuderit
535 1211 576 1220 —
591 1174 625 1235 ni
648 1195 687 1237 ca
709 1196 760 1236 res
783 1172 911 1257 longius
934 1197 992 1238 nos
1017 1177 1058 1237 ab
1081 1177 1211 1260 incepto
1235 1185 1297 1239 tra·

168 1268 261 1338 heret.
300 1276 396 1362 Nep.
427 1276 477 1356 15,
505 1276 537 1356 4,
566 1275 586 1337 li
614 1273 755 1361 plurima
788 1276 918 1359 quidem
946 1275 1091 1360 proferre
1119 1299 1298 1363 possemne,

165 1372 217 1435 sed
242 1376 350 1441 modus
373 1375 580 1440 adhibendus
603 1389 663 1440 est.
709 1377 857 1441 Seltener
879 1378 923 1440 ist
940 1398 1063 1458 possem
1086 1381 1138 1441 cin
1160 1379 1298 1443 Poten-

163 1470 271 1540 tialis
292 1476 362 1540 der
385 1476 733 1561 Vergangenhcit:
759 1477 826 1541 Cic.
840 1478 908 1540 cliv.
923 1478 955 1559 2,
972 1480 1001 1557 o,
1017 1480 1060 1541 21
1082 1489 1179 1565 atque
1202 1482 1297 1543 etiarn

94 1575 102 1629 t
159 1588 282 1642 Omnem
303 1579 445 1643 fructum
480 1579 569 1643 vitae
604 1580 780 1664 superioris
815 1579 1045 1664 perdidissent.
1097 1580 1185 1660 Quid
1214 1582 1298 1644 eninr

155 1690 267 1754 posset
287 1680 327 1743 iis
345 1702 422 1744 ‚esse
444 1679 564 1744 laetum
587 1682 695 1744 exitus
720 1702 794 1744 suos
817 1681 1063 1764 cogitantibus?
1086 1684 1182 1746 'l'usc
1201 1686 1228 1764 1,
1245 1685 1297 1764 313,

152 1770 196 1837 88
230 1782 290 1844 dici
318 1791 426 1845 autern
450 1781 567 1847 hocin
590 1792 623 1846 te
645 1783 726 1847 satis
756 1782 919 1847 subtiliter
942 1804 1006 1846 non
1028 1793 1153 1868 potcst3
1188 1797 1299 1869 posset

149 1870 185 1935 in
210 1880 399 1969 Tarquinio,
422 1905 495 1967 cutm
518 1905 620 1968 regno
643 1893 730 1948 esset
753 1884 920 1969 expulsus.

241 1984 332 2048 Noeh
353 1987 499 2069 weniger
520 1984 720 2069 gebrauchte
748 2008 823 2049 man
839 1988 997 2067 potuerim
1024 1986 1071 2049 als
1096 1986 1297 2052 Potentialis.

143 2070 412 2171 Naehgewiesen
439 2087 495 2151 ist·
510 2109 573 2150 nur
600 2087 691 2150 eine
714 2085 814 2150 Stellc
843 2086 909 2149 uml
941 2110 1028 2151 zwal·
1057 2089 1116 2152 mit
1144 2090 1297 2169 forsitan:

143 2172 254 2251 Tusc.
275 2188 306 2269 3,
332 2189 382 2271 17,
406 2189 448 2253 36
470 2210 553 2275 quae
577 2187 690 2273 (=ca‚
715 2186 784 2251 scil.
808 2188 952 2274 fortuna)
976 2189 1156 2274 pervellere
1179 2202 1210 2254 to
1232 2190 1297 2255 for-

141 2277 239 2352 sitan
264 2290 408 2375 potuerit
436 2299 469 2354 et
495 2311 656 2375 pungere,
688 2311 754 2352 non
781 2290 886 2375 potuit
914 2302 1001 2355 certe
1024 2293 1112 2355 vires
1135 2294 1296 2377 frangere.

140 2372 187 2443 In
214 2391 295 2455 zuei
318 2390 461 2457 anderen
484 2390 620 2474 Stellcn,
644 2392 697 2455 die
719 2391 818 2455 Aken
845 2392 995 2475 anliilnt,
1010 2378 1111 2457 'steht
1133 2394 1192 2458 cler
1214 2396 1297 2458 Uon-

135 2476 282 2561 iuneov
303 2494 349 2558 rm
371 2491 576 2557 necessu:
601 2493 694 2557 verr.
717 2494 749 2575 o,
772 2494 824 2575 so,
849 2494 899 2557 rs.
922 2517 953 2557 n.
978 2495 1008 2557 a.
1032 2496 1062 2575 a,
1087 2496 1139 2575 34,
1162 2497 1211 2561 or.

238 2594 398 2679 Dagegen
427 2595 470 2659 ist
492 2594 604 2679 haufig
625 2596 812 2676 potuissem,
841 2595 1039 2661 namontlich
1061 2598 1095 2659 in
1121 2602 1297 2680 negativcn

139 2678 275 2759 Sittzen
296 2696 365 2760 und
387 2697 423 2760 in
444 2694 576 2780 Fragen
598 2697 658 2759 mit
679 2696 851 2781 negativcr
874 2697 1045 2761 Tendens:
1081 2698 1148 2762 Cic.
1172 2700 1206 2763 in
1228 2700 1296 2763 Pis.

137 2778 187 2849 29
222 2798 277 2883 qui
304 2800 334 2862 si
361 2797 480 2862 fuisset
506 2834 549 2845 —
576 2797 710 2862 meliore
739 2797 883 2878 fortuna,
917 2799 1055 2863 fortasse
1082 2801 1243 2864 austerior
1265 2812 1297 2864 et

137 2902 284 2966 gravior
306 2921 378 2965 esse
400 2898 569 2984 potuisset.
598 2922 629 2985 p.
652 2897 724 2962 Mil.
746 2898 787 2961 28
815 2922 955 2984 quonam
983 2901 1079 2965 modo
1103 2924 1140 2964 ca
1162 2910 1217 2965 aut
1241 2902 1295 2965 dc-

138 2992 273 3069 pellere
292 2998 485 3087 potuissetis
506 3010 564 3065 aut
586 3000 696 3065 ferre?
719 2999 802 3063 Phil.
817 3001 849 3082 2,
868 3002 907 3068 14
922 3002 1042 3066 etenim
1058 3024 1140 3088 quac
1155 3024 1206 3067 rcs
1223 3025 1295 3088 egc-

141 3100 233 3165 stati
254 3112 284 3167 et
306 3104 376 3167 aeri
397 3102 504 3167 alieno
528 3111 584 3167 tuo
606 3140 647 3149 -
670 3102 844 3167 subvenire
867 3102 1051 3188 potuisset?
1075 3125 1125 3190 cp.
1141 3105 1181 3169 27
1197 3106 1294 3169 urbes

138 3202 182 3259 'et
206 3224 307 3287 regna
329 3203 478 3269 celeriter
505 3214 597 3269 tanta
625 3204 770 3289 nequitia
799 3205 956 3269 devorare
983 3206 1153 3290 potuisset.
1187 3208 1241 3270 off.
1264 3209 1294 3287 2,

148 3292 170 3357 3
201 3324 305 3391 neque
332 3308 420 3371 enirn
447 3304 646 3372 valetudinis
675 3308 799 3371 curatio
827 3329 931 3392 neque
959 3308 1127 3393 navigatio
1156 3346 1195 3354 -
1224 3310 1295 3372 sine

151 3392 318 3471 hominum
341 3430 441 3495 opera
462 3408 530 3473 ulla
552 3430 623 3472 esse
646 3408 815 3494 potuisset.
835 3411 866 3490 3,
889 3410 930 3472 28
959 3409 1038 3495 quid
1062 3420 1170 3474 autern
1192 3411 1294 3475 iratus

159 3494 283 3589 Jupiter
302 3511 376 3596 plus
399 3533 515 3575 necere
538 3512 696 3598 potuisset
719 3533 815 3596 quarn
833 3513 943 3576 nocuit
958 3512 1022 3573 sibi
1038 3511 1108 3597 ipse
1124 3513 1293 3597 Regulus?

94 3597 96 3608 ’
162 3598 193 3683 2,
214 3606 343 3676 4urbes
366 3634 444 3679 vcro
466 3613 535 3677 sine
558 3613 727 3677 hominum
754 3623 847 3678 coetu
870 3634 934 3676 non
957 3615 1138 3699 potuissent
1160 3638 1220 3678 nee
1243 3638 1294 3680 ac-

105 3791 108 3798 ·
169 3700 282 3775 uitiari
303 3736 362 3778 noc
383 3715 592 3801 frequentari.
617 3715 714 3779 Tusc.
737 3717 766 3794 ὗ,
789 3717 809 3777 2
832 3714 911 3800 quirl
933 3738 998 3779 non
1021 3718 1117 3781 morlo
1141 3740 1214 3793 nos,
1237 3720 1294 3783 secl

172 3808 284 3877 omnino
310 3817 380 3880 vita
408 3815 574 3883 hominum
603 3819 672 3881 sine
702 3827 733 3881 tc
765 3840 836 3881 csse
859 3818 1042 3900 potuisset?
1085 3818 1174 3881 Lael.
1198 3821 1228 3900 3,
1256 3824 1291 3883 11

177 3906 241 3986 quid
259 3913 356 3999 igitur
378 3919 464 3983 hunc
485 3941 663 4003 paucorum
686 3942 845 3985 annorum
867 3920 1010 3983 accessio
1034 3919 1148 3981 iuvare
1170 3924 1293 4004 potuis·

177 4004 233 4067 set?
251 4034 282 4079 n.
303 4017 334 4081 d.
355 4020 386 4103 2,
409 4021 450 4084 57
474 4022 546 4106 quis
569 4043 648 4085 vero
673 4022 786 4108 opifex
813 4033 943 4110 praeter
968 4030 1118 4083 naturam
1152 4061 1193 4069 --
1221 4032 1291 4086 tan-

178 4108 227 4168 iam
246 4116 417 4185 sollertiam
439 4123 590 4208 persequi
613 4124 773 4209 potuisset
795 4127 828 4189 in
844 4122 1017 4188 sensibus?
1041 4122 1107 4188 cliv.
1123 4125 1152 4203 2,
1169 4123 1293 4188 linulla

178 4204 243 4273 ‘ssim
266 4232 331 4285 arte
352 4221 418 4285 ulia
445 4222 479 4286 id
506 4245 567 4286 nec
590 4225 752 4311 sapientia
775 4228 858 4290 scire
880 4227 1049 4312 potuisset.
1083 4224 1160 4288 fam.
1187 4227 1237 4308 15,
1260 4230 1292 4308 4,

165 4296 272 4405 illlis
292 4341 346 4407 ego
369 4324 526 4390 subsidiis
549 4348 587 4390 oa
608 4349 679 4391 surn
703 4340 910 4410 consecutae,
932 4351 1013 4414 quae
1036 4326 1133 4391 nullis
1157 4326 1291 4413 legioni-

177 4392 219 4469 bu
238 4427 389 4515 consequi
410 4428 598 4515 potuissem.
