2850 5002
626 317 858 379 -241-

258 468 284 548 ξ.
308 467 380 533 133.
402 466 493 533 Weit
518 466 789 553 gebrauchlicher
817 470 865 543 als
896 469 928 531 in
957 470 1021 532 den
1049 470 1165 533 vorhin
1187 470 1308 535 behan-

157 566 281 633 delten
299 566 443 633 Klassen
470 568 529 633 der
551 568 757 635 Nebenstttze
788 572 832 634 ist
855 571 912 633 der
935 567 1111 635 Gebrauch
1133 572 1190 635 des
1213 572 1307 636 Per·

155 668 275 733 fects
295 668 329 731 in
350 667 642 754 Folgesatzen,
666 670 719 734 die
742 693 805 735 von
828 671 932 734 einem
950 670 1162 734 Praeteritum
1186 672 1307 736 abhan-

152 791 246 854 gen.
285 768 452 833 Nachdem
475 769 527 834 ich
551 770 657 834 dieses
681 768 809 856 Capitol
837 771 895 835 der
918 771 1151 856 Tempuslehre
1173 772 1207 835 in
1229 774 1306 837 mei·

152 890 235 932 nen
249 868 540 956 Untersuchungen
560 861 643 935 liber
666 870 730 935 den
746 870 1032 958 Sprachgebrauch
1051 872 1109 935 der
1124 874 1307 937 rdmischen

154 967 356 1035 Historiker
384 970 499 1055 (1860)
527 958 639 1040 32-
655 973 692 1036 18
720 971 897 1036 behandelt
917 971 1021 1054 habe,
1056 973 1164 1037 werde
1186 975 1240 1038 ich
1262 975 1305 1038 i1n

153 1068 357 1156 Folgenden
378 1070 474 1135 einen
495 1072 633 1157 Auszug
655 1073 774 1137 daraus
796 1074 911 1158 geben.

253 1170 374 1237 Stellen
401 1196 461 1238 aue
494 1172 825 1238 vorklassiseher
848 1174 922 1238 Zeit
950 1174 1161 1239 diirfte‘man
1192 1197 1305 1261 verge-

154 1269 249 1335 bens
270 1272 392 1341 cuchen
398 1321 408 1355 ,
440 1273 524 1339 auch
545 1276 579 1340 in
600 1272 750 1341 Holtze's
774 1266 902 1360 syntax
924 1276 968 1338 ist
989 1274 1088 1338 keine
1117 1298 1159 1338 au
1186 1275 1304 1357 finden,

155 1370 255 1437 denn
273 1373 308 1437 in
330 1375 447 1457 denen,
470 1374 593 1440 welche
615 1397 650 1439 cr
671 1374 718 1458 ΙΙ,
741 1375 793 1458 96,
817 1376 838 1439 d
861 1397 919 1438 aus
942 1376 1067 1439 Terenz
1097 1377 1238 1457 anftthrt,
1261 1379 1307 1442 ist

155 1471 256 1538 Per-f.
277 1473 420 1560 logicum
437 1499 484 1540 au
505 1478 675 1541 statuiren.
712 1476 776 1541 Die
793 1486 901 1541 ersten
917 1477 1045 1563 Spuren
1060 1478 1166 1542 dieser
1181 1479 1305 1542 schein·

154 1572 268 1639 baren
303 1577 515 1642 Abnormitdt
550 1578 665 1662 zeigen
702 1578 786 1662 sich,
823 1577 1024 1662 wenngleich
1062 1587 1208 1643 {iusserat
1244 1579 1306 1642 sel-

152 1680 236 1759 ten,
256 1676 308 1742 bei
1010 1676 1014 1695 ‘

253 1776 408 1843 Oicerez
432 1778 530 1845 Tusc.
553 1780 585 1865 5,
607 1779 660 1862 20,
683 1781 726 1844 60
747 1788 845 1866 atque
868 1801 905 1844 eo
927 1780 1016 1844 facto
1040 1781 1086 1844 sic
1108 1780 1228 1862 doluit,
1257 1783 1304 1844 ni-

148 1872 210 1940 hil
238 1888 272 1943 nt
292 1878 561 1966 tulerit'gravius
582 1881 617 1943 in
640 1879 709 1945 vita
732 1881 874 1966 (Dionys
899 1881 929 1944 d.
953 1880 1080 1967 altere).
1105 1882 1171 1948 div.
1203 1885 1229 1954 1,
1252 1884 1304 1964 33,

147 1973 202 2039 73
234 1981 316 2065 quod
339 1990 508 2065 ostentum,
525 1981 642 2047 habuit
662 1981 745 2046 hanc
761 1983 840 2064 vir'n,
862 1992 898 2045 ut
913 1983 1091 2066 Dionysius
1107 1983 1217 2067 paucis
1233 1994 1307 2069 post

144 2072 281 2145 diebus
302 2103 441 2166 regnare
464 2084 616 2169 coeperit.
640 2090 670 2167 2,
692 2082 744 2166 69,
771 2084 830 2147 143
853 2083 959 2147 visum
983 2092 1032 2146 est
1055 2085 1140 2147 enim
1162 2084 1227 2148 tale
1249 2084 1305 2149 ob-

141 2168 285 2245 iactum
306 2183 489 2266 dormienti,
512 2193 552 2247 ut
569 2183 604 2248 id
627 2183 715 2271 quod
738 2184 855 2264 evenit,
878 2195 1015 2247 naturae
1030 2185 1093 2266 vis,
1116 2207 1181 2251 non
1196 2186 1305 2273 opinio

141 2285 282 2348 erroris
305 2284 460 2351 effecerit.
504 2283 613 2351 Galba
635 2307 687 2371 ap.
713 2285 781 2349 Cic.
806 2285 884 2348 fam.
917 2284 966 2366 10,
989 2285 1041 2367 30,
1065 2286 1085 2349 3
1109 2287 1169 2349 etsi
1193 2285 1304 2352 dexte·

138 2374 237 2446 rius
265 2406 363 2450 cornu
385 2423 427 2433 -
454 2385 629 2471 fugaverat
661 2385 821 2471 legionem
854 2385 992 2449 XXXV
1021 2386 1171 2467 Antonii,
1205 2397 1243 2452 ut
1266 2428 1304 2437 -

137 2474 254 2548 ultra
272 2486 385 2569 aciem,
403 2508 471 2575 uquo
494 2486 565 2552 loco
587 2496 732 2571 steterat,
754 2488 958 2574 processerit.
978 2526 1014 2535 -
1029 2486 1120 2551 Aber
1132 2487 1195 2552 alle
1217 2490 1304 2555 iibri-

135 2594 234 2658 gen
271 2586 394 2653 Stellen
421 2588 475 2653 bei
506 2589 620 2653 Cicero
650 2587 725 2654 sind
751 2590 870 2654 andero
898 2612 939 2652 zu
968 2588 1188 2672 beurtheilen,
1219 2591 1305 2655 denn

138 2675 230 2748 der
247 2688 430 2754 Nebensatz
460 2689 584 2755 enthslt
614 2690 690 2756 dort
715 2691 831 2754 immer
859 2691 912 2754 ein
938 2689 1142 2774 logisches
1164 2692 1304 2775 Perfect,

137 2796 215 2848 ΨΟ
246 2790 294 2854 die
320 2789 590 2877 Vergangenheit
617 2792 784 2856 entweder
811 2791 862 2856 bis
891 2813 949 2855 zur
976 2793 1176 2876 Gegenwart
1201 2792 1305 2857 reicht

138 2882 247 2953 Oder
265 2892 365 2957 durch
388 2891 443 2956 die
465 2892 762 2958 Ritcksichtnahme
784 2894 844 2957 auf
864 2894 958 2958 einen
981 2893 1229 2976 Zeitgenossen,
1255 2892 1303 2958 als

138 2977 236 3053 den
254 2991 376 3079 Trttger
404 2993 462 3058 der
483 2994 679 3081 Handlung,
709 2997 769 3060 mit
791 2997 849 3059 der
871 2994 1069 3078 Gegenwart
1097 2996 1153 3058 des
1175 2994 1302 3058 Reden·

140 3077 237 3154 den
253 3093 283 3158 in
304 3093 525 3181 Verbindung
546 3107 674 3182 gesetzt
695 3098 749 3161 ist.
794 3096 836 3161 So
860 3121 888 3160 z.
912 3095 950 3158 Β.
974 3095 1059 3159 dfter
1080 3097 1114 3158 in
1137 3097 1200 3159 den
1222 3096 1303 3159 Ver-

140 3183 272 3258 l'inen:
304 3195 336 3279 2,
360 3196 434 3278 3,8
463 3198 713 3295 magistratuum
740 3209 849 3262 autem
883 3206 1065 3261 nostrorum
1093 3197 1228 3261 iniurias
1257 3199 1304 3262 ita

142 3292 336 3361 multorum
365 3296 525 3384 tulerunt,
555 3309 592 3364 ut
618 3323 784 3386 nunquam
812 3309 887 3363 ante
913 3297 973 3362 hoc
995 3308 1123 3383 tempus
1149 3299 1190 3363 ad
1214 3321 1303 3363 aram

145 3378 273 3476 legum
294 3383 335 3447 ὲ-
359 3399 577 3485 confugerint.
599 3402 630 3484 5,
656 3403 705 3485 10,
729 3402 768 3466 27
797 3422 899 3486 usque
928 3422 965 3465 eo
990 3422 1024 3463 se
1046 3399 1226 3486 praebebat
1248 3424 1302 3486 pa·

150 3486 298 3563 lienum
319 3510 419 3587 atque
440 3501 627 3588 impigrum,
650 3513 686 3567 ut
709 3525 782 3567 eum
804 3522 897 3565 nemo
920 3502 953 3565 in
976 3523 1058 3586 equo
1074 3502 1238 3567 sedentem
1255 3503 1303 3567 vi-

155 3584 254 3663 derit
271 3601 408 3686 (Halm).
435 3625 468 3688 p.
490 3601 575 3667 Mur.
606 3606 655 3685 15,
684 3605 725 3670 33
754 3612 878 3669 tantum
907 3612 1015 3666 tamen
1044 3603 1177 3669 consilio
1205 3614 1303 3689 atque

159 3703 357 3797 {incurvitate
386 3701 490 3768 valuit
519 3694 753 3788 (Mithridates)
775 3715 811 3768 ut
833 3727 868 3768 sc
890 3743 931 3751 —
956 3704 1049 3768 novis
1076 3705 1192 3791 opibus
1216 3708 1302 3792 copi-

162 3806 259 3879 lSque
277 3807 454 3870 renovarit.
479 3807 513 3868 in
535 3805 602 3869 Pis.
625 3806 677 3890 25,
700 3807 737 3870 61
756 3809 803 3871 ita
819 3808 903 3870 enim
919 3814 994 3870 sunt
1009 3808 1207 3892 perscriptae
1221 3808 1303 3871 scite

166 3896 203 3951 θῐ
230 3895 378 3988 litterate,
411 3916 449 3971 ut
476 3905 643 3970 scriba-
668 3917 959 3972 commurmuratus
986 3908 1029 3971 sit
1056 3916 1112 3974 ctt.
1156 3908 1247 3972 Brut.
1272 3912 1302 3989 ξ.

168 3982 233 4059 302
254 4007 389 4073 ardebat
421 4017 530 4072 autem
557 4009 737 4093 cupiditate
765 4011 828 4092 sic,
857 4012 948 4074 utin
970 4007 1058 4071 nullo
1081 4030 1223 4093 unquam
1245 4008 1300 4072 fla·

168 4103 310 4173 stannus
333 4107 479 4175 studium
501 4109 652 4173 viderim.
676 4110 729 4172 off.
752 4110 781 4192 2,
805 4111 856 4191 22,
880 4111 920 4174 76
935 4117 1062 4174 tantum
1084 4109 1118 4172 in
1140 4111 1302 4174 aerarium

169 4202 320 4274 Pausiae
341 4209 479 4291 invexit,
501 4218 538 4274 ut
559 4211 654 4274 unius
677 4212 882 4297 imperatoris
906 4211 1027 4295 praeda
1045 4210 1141 4272 finem
1157 4210 1303 4275 attulerit

168 4290 370 4377 tributorum.
393 4311 515 4393 fam.5,
540 4312 590 4394 16,
612 4313 633 4375 2
655 4311 799 4377 homines
821 4335 879 4377 nos
901 4321 938 4375 ut
960 4334 1031 4377 esse
1051 4312 1302 4396 meminerimus,

168 4400 206 4454 ⁰²³
225 4400 297 4497 lege
317 4423 429 4498 natos,
457 4422 494 4478 ut
523 4413 671 4479 omnibus
700 4413 773 4479 telis
801 4414 953 4480 fortunae
981 4416 1147 4500 proposita
1170 4414 1213 4479 sit
1234 4416 1302 4483 vita
