2850 5002
561 360 595 372 -
642 324 787 389 259-

139 478 213 567 queri,
238 476 265 541 ni
291 476 388 542 modo
414 480 551 542 laeteris
577 479 648 564 ipso
679 486 850 563 torquente
881 478 1026 541 securior
1048 486 1104 541 ctt.
1130 479 1178 556 77,
1203 478 1245 540 24

137 581 226 645 duait

195 682 305 747 Stehen
328 678 480 767 Haupt·
502 679 570 743 und
593 679 826 744 Nebensatz
850 681 895 742 im
914 680 988 744 Fut.
1013 681 1058 763 ll,
1083 704 1118 745 so
1134 680 1245 765 gelten

138 782 203 847 heile
220 781 437 867 Handlungen
466 780 514 847 als
543 782 576 845 in
605 781 663 846 der
686 781 837 845 Zukunft
864 781 1137 867 gleichzeitig
1159 782 1242 848 vel·

138 882 254 949 lendet:
277 882 384 948 Plaut.
407 886 506 950 Poen.
530 881 611 969 prol.
635 908 666 948 v.
683 884 721 947 81
745 893 917 966 argentum
940 883 1004 945 nisi
1027 884 1083 968 qui
1107 884 1244 966 dederit,

138 1006 210 1069 noges
228 984 343 1069 egerit.
369 1007 399 1048 v.
422 984 464 1049 82
486 1006 598 1047 verum
622 987 677 1070 qui
702 984 839 1065 dederit,
864 1006 958 1067 mage
978 986 1115 1047 maiores
1131 987 1244 1069 egerit.

138 1085 200 1149 Pers.
218 1086 247 1168 3,
269 1086 302 1169 2,
323 1088 345 1151 3
367 1086 455 1174 quod
478 1086 507 1150 si
534 1108 599 1150 non
628 1085 758 1149 dederit
782 1096 880 1171 atque
902 1086 954 1149 hic
979 1085 1047 1149 dies
1071 1088 1244 1171 praetorie-

137 1188 173 1271 rit,
189 1210 240 1273 ogo
263 1196 452 1275 argentum,
469 1186 524 1251 ille
546 1188 596 1251 ius
620 1188 793 1251 iurandum
816 1187 972 1250 amiserit.
1016 1188 1136 1251 Pseud.
1162 1190 1190 1270 1,
1213 1192 1244 1270 a,

140 1290 180 1353 142
195 1292 218 1355 si
242 1301 277 1356 tu
307 1300 477 1375 argentum
507 1289 672 1371 attuleris,
701 1312 774 1352 eum
797 1287 853 1351 illo
875 1288 1049 1373 perdidere
1073 1290 1182 1355 tidem.
1205 1328 1245 1335 —

138 1388 261 1477 lltufiger
282 1393 337 1458 bei
360 1392 516 1456 Cicero:
541 1413 573 1476 p.
597 1389 730 1469 Quinet.
754 1393 784 1469 ξ.
801 1391 841 1455 75
859 1412 983 1472 νο1·11111,
1008 1391 1131 1475 opinor,
1155 1392 1245 1454 vide-

138 1493 218 1573 rimus,
238 1517 311 1559 eum
335 1493 486 1557 dixerint.
509 1516 541 1578 p.
564 1492 638 1575 Lig.
662 1495 692 1571 ξ.
708 1492 749 1555 36
765 1514 863 1577 quam
879 1489 1045 1574 (salutem)
1062 1514 1135 1555 eum
1151 1494 1246 1556 utris·

138 1614 180 1677 que
196 1594 241 1659 his
263 1596 404 1677 dederis,
427 1604 493 1657 tres
516 1593 634 1657 fratres
658 1595 796 1680 optimos
827 1631 868 1639 —
895 1594 975 1679 reip.
999 1594 1245 1661 condonaverit.

139 1692 166 1757 tle
183 1694 258 1781 legg.
284 1700 312 1780 1,
338 1698 377 1760 12
406 1693 493 1782 quod
520 1695 548 1757 si
576 1695 733 1758 interesse
764 1695 933 1780 quidpiam
961 1694 1122 1759 tantulum
1150 1684 1245 1760 modo

139 1801 256 1881 potuerit,
280 1799 443 1863 amicitiae
465 1818 582 1861 nomen
605 1796 770 1859 occiderit.
795 1796 835 1858 do
858 1817 904 1859 or.
928 1796 948 1859 3
971 1799 999 1875 ξ.
1023 1798 1065 1860 55
1087 1798 1246 1862 virtutum

139 1899 295 1983 expertibus
319 1901 347 1964 si
370 1899 502 1963 dicendi
524 1900 650 1985 copiam
673 1896 926 1976 tradiderimus,
949 1920 1012 1960 non
1037 1920 1091 1962 eos
1115 1898 1247 1983 quidem

138 2010 249 2066 oratores
277 2003 495 2083 effecerimus,
524 1998 581 2063 sed
611 1998 794 2063 furentibus
824 1998 985 2084 quaedam
1009 2021 1098 2061 urrna
1121 1998 1246 2064 dederi-

138 2120 195 2165 nus.
212 2103 264 2166 fin.
287 2104 307 2166 2
330 2106 360 2184 ξ.
386 2102 443 2166 107
468 2109 526 2164 aut
547 2101 828 2187 pertinacissimus
850 2100 967 2181 fueris,
998 2102 1025 2163 si
1053 2102 1086 2163 in
1115 2123 1151 2164 eo
1175 2125 1245 2186 per-

138 2200 244 2286 stiteris,
273 2214 330 2269 aut
353 2204 536 2268 deserueris
565 2211 667 2267 totam
690 2201 826 2286 Epicuri
853 2201 1070 2287 voluptatem,
1100 2204 1127 2265 si
1150 2226 1246 2287 nega-

139 2305 206 2373 veris.
226 2306 245 2370 3
266 2309 296 2387 ξ.
324 2306 363 2370 10
386 2304 545 2391 quidquid
567 2305 654 2367 enim
676 2312 806 2389 praeter
828 2302 862 2365 id
885 2303 971 2389 quod
1000 2302 1172 2368 honestum
1195 2306 1246 2386 sit,

139 2408 321 2491 expetendum
345 2429 416 2471 esse
439 2406 564 2470 dixeris
586 2406 620 2468 in
644 2405 802 2489 bonisque
831 2407 1065 2487 numeraveris,
1096 2416 1128 2470 et
1150 2407 1246 2471 hone-

139 2512 198 2572 uun
215 2510 331 2597 ipsum,
355 2509 448 2595 quasi
464 2509 594 2573 virtutis
612 2506 731 2587 lrmren,
755 2507 951 2570 exstinxeris
975 2517 1006 2570 et
1022 2509 1177 2571 virtutem
1192 2532 1247 2594 pe-

139 2606 199 2674 ritus
217 2613 381 2677 everteris.
403 2613 424 2676 5
447 2615 477 2693 ξ.
502 2611 543 2675 45
566 2611 607 2674 ad
631 2631 669 2672 ea
692 2610 719 2672 si
747 2607 898 2693 voluptas
927 2610 1117 2691 accesserit,
1148 2634 1247 2675 unum

139 2704 239 2797 aliquod
265 2714 439 2779 accesserit
467 2711 669 2777 commodum
698 2712 841 2796 corporis
871 2732 975 2796 neque
998 2732 1068 2775 eam
1091 2715 1246 2777 eonstitu-

138 2808 227 2877 lionem
248 2816 367 2879 summi
389 2814 467 2879 boni
489 2815 673 2879 mutaverit.
697 2814 750 2877 off.
775 2814 794 2876 3
817 2815 845 2892 ξ.
862 2813 904 2875 30
919 2814 946 2876 si
962 2812 1041 2897 quid
1056 2812 1098 2875 ab
1118 2813 1247 2878 homine

138 2916 192 2977 nae
208 2915 356 2981 utilitatis
381 2937 480 2981 eausa
502 2915 700 2995 (letraxeriS,
727 2913 903 2978 inhumane
930 2914 1047 2977 feceris
1071 2924 1247 3000 contraque

137 3022 241 3083 uturae
261 3018 379 3105 legem.
402 3017 478 3082 fam.
504 3012 552 3100 10,
578 3018 617 3082 13
646 3018 702 3103 qui
730 3016 816 3079 enim
839 3015 885 3078 lll.
908 3016 1089 3080 Antonium
1116 3038 1247 3103 oppres-

138 3116 205 3200 out,
231 3120 258 3183 is
286 3118 407 3185 bellum
435 3119 622 3185 confecerit.
666 3117 828 3182 Dasselbe
858 3118 908 3199 to,
933 3118 983 3181 19.
1009 3118 1057 3199 11,
1083 3118 1133 3180 12.
1156 3118 1247 3183 Lael.

138 3210 160 3293 4,
176 3220 214 3284 16.
234 3244 264 3286 n.
288 3222 319 3285 d.
343 3222 367 3290 2
390 3224 420 3302 ᾗ.
448 3222 489 3286 51
519 3220 605 3285 haud
634 3242 729 3305 erge,
757 3232 793 3284 ut
822 3220 950 3305 opinor,
980 3241 1148 3303 erravero,
1178 3221 1206 3283 si
1229 3245 1249 3285 a

138 3318 253 3410 Principe
284 3323 535 3408 investigandae
567 3322 715 3387 veritatis
743 3319 840 3387 huius
869 3320 1098 3407 disputationis
1129 3324 1248 3408 princi-

138 3414 199 3497 ltlun
219 3426 352 3491 duxere.
397 3425 640 3508 Α11.2,24,5
667 3425 845 3509 respiraro,
876 3425 903 3487 si
932 3434 963 3486 te
990 3424 1114 3488 videro.
1152 3425 1183 3507 4,
1207 3425 1248 3489 46

139 3522 250 3599 perbelle
272 3528 407 3608 leceris,
437 3526 465 3590 si
493 3527 534 3590 ad
556 3549 616 3590 nos
640 3526 779 3589 veneris.
810 3524 853 3587 ad
876 3524 938 3605 Qu.
962 3526 1000 3588 fr.
1024 3526 1054 3609 2,
1081 3527 1130 3608 14,
1157 3529 1183 3589 1.
1208 3565 1249 3574 -

139 3612 254 3693 flettona
274 3630 336 3693 mit
361 3626 662 3712 voraufgehendem
691 3626 929 3711 Imperativ:
963 3625 1247 3710 Fructuosus,

139 3714 217 3797 2152.
257 3730 326 3796 Cic.
350 3752 395 3796 or.
420 3732 461 3795 70
482 3731 617 3795 immuta
639 3726 798 3814 paullum:
827 3730 959 3813 perierit
981 3737 1050 3793 tota
1071 3751 1134 3792 res.
1158 3730 1248 3793 l'er-

140 3816 253 3895 loetum
275 3832 358 3918 leg:
377 3842 456 3898 statt
479 3833 535 3898 des
558 3831 631 3895 Fut.
654 3830 705 3895 ll:
730 3831 799 3894 etc.
819 3829 913 3898 Verr.
940 3833 965 3913 1,
988 3832 1040 3913 23,
1065 3830 1103 3893 61
1129 3832 1248 3893 vicisti.

199 3930 317 3998 Hieran
339 3934 489 3999 sehliesst
512 3934 581 3998 sielr
604 3931 662 3997 das
687 3935 786 3996 sehon
809 3932 862 3997 bei
886 3932 950 3995 den
968 3931 1153 3996 Komikem
1176 3933 1250 3995 selu·

140 4014 249 4099 llllebte
283 4035 472 4101 absolute
509 4035 700 4101 Futurum
743 4045 927 4098 exactum
965 4034 1009 4097 im
1046 4032 1250 4118 llauptsatzo

141 4122 214 4198 elne
232 4136 383 4202 desselbe
395 4136 537 4224 Tempus
560 4137 604 4199 im
620 4135 825 4199 Nobensatze
851 4135 983 4217 (Holtze
999 4135 1033 4198 ll
1049 4134 1082 4199 S.
1099 4135 1250 4216 stt—88).

141 4214 348 4326 llllprimglieh
371 4237 455 4303 wird
477 4261 564 4303 zwar
593 4236 740 4302 dadurelr
767 4237 960 4301 bezeielrnet
983 4235 1068 4317 sein,
1099 4237 1173 4299 dass
1198 4235 1250 4298 die

92 4408 95 4413 ,
141 4312 286 4427 fflndlung
299 4340 347 4405 als
363 4341 399 4404 in
414 4339 473 4403 der
488 4340 641 4405 Zukunl't
656 4339 877 4420 vollendet,
902 4338 1002 4401 daher
1017 4337 1064 4401 als
1081 4338 1250 4401 1111111*οἰ-

140 4416 259 4507 llllruft
280 4442 495 4509 stettlindend
519 4465 560 4506 uu
584 4442 711 4506 denken
735 4443 788 4522 ist,
812 4441 900 4503 darm
922 4439 1000 4502 alter
1022 4440 1154 4505 werden
1179 4462 1250 4505 vor-

175 4530 299 4597 Duegea
324 4545 386 4589 11111.
401 4546 582 4599 exituum.
597 4546 645 4595 sur.
992 4546 1022 4595 18
