<?xml version="1.0" encoding="UTF-8"?>
<!DOCTYPE html PUBLIC "-//W3C//DTD XHTML 1.0 Transitional//EN"
    "http://www.w3.org/TR/xhtml1/DTD/xhtml1-transitional.dtd">
<html xmlns="http://www.w3.org/1999/xhtml" xml:lang="en" lang="en">
 <head>
  <title>
</title>
<meta http-equiv="Content-Type" content="text/html;charset=utf-8" />
  <meta name='ocr-system' content='tesseract 3.04.00' />
  <meta name='ocr-capabilities' content='ocr_page ocr_carea ocr_par ocr_line ocrx_word'/>
</head>
<body>
  <div class='ocr_page' id='page_1' title='image "./historischesynt00draegoog/historischesynt00draegoog_0647.png"; bbox 0 0 2850 5002; ppageno 0'>
   <div class='ocr_carea' id='block_1_1' title="bbox 594 314 825 394">
    <p class='ocr_par' dir='ltr' id='par_1_1' title="bbox 594 314 825 394">
     <span class='ocr_line' id='line_1_1' title="bbox 594 314 825 394; baseline -0.009 0"><span class='ocrx_word' id='word_1_1' title='bbox 594 368 636 380; x_wconf 89' lang='lat'><em>-</em></span> <span class='ocrx_word' id='word_1_2' title='bbox 678 314 745 394; x_wconf 79' lang='lat' dir='ltr'>eos</span> <span class='ocrx_word' id='word_1_3' title='bbox 783 368 825 377; x_wconf 89' lang='lat'><em>-</em></span> 
     </span>
    </p>
   </div>
   <div class='ocr_carea' id='block_1_2' title="bbox 134 480 1297 4333">
    <p class='ocr_par' dir='ltr' id='par_1_2' title="bbox 136 480 1297 2912">
     <span class='ocr_line' id='line_1_2' title="bbox 138 480 1250 569; baseline 0 -22"><span class='ocrx_word' id='word_1_4' title='bbox 138 484 182 547; x_wconf 90' lang='lat' dir='ltr'>im</span> <span class='ocrx_word' id='word_1_5' title='bbox 199 481 397 569; x_wconf 81' lang='lat' dir='ltr'>Sptttlatein:</span> <span class='ocrx_word' id='word_1_6' title='bbox 414 481 448 545; x_wconf 91' lang='lat' dir='ltr'>iu</span> <span class='ocrx_word' id='word_1_7' title='bbox 460 482 609 563; x_wconf 77' lang='lat' dir='ltr'>veritate,</span> <span class='ocrx_word' id='word_1_8' title='bbox 627 503 715 564; x_wconf 88' lang='lat' dir='ltr'>vero,</span> <span class='ocrx_word' id='word_1_9' title='bbox 731 482 902 547; x_wconf 89' lang='lat' dir='ltr'>mendacio</span> <span class='ocrx_word' id='word_1_10' title='bbox 917 503 998 546; x_wconf 87' lang='lat' dir='ltr'>esse.</span> <span class='ocrx_word' id='word_1_11' title='bbox 1012 519 1053 527; x_wconf 91' lang='lat'><em>-</em></span> <span class='ocrx_word' id='word_1_12' title='bbox 1064 480 1250 566; x_wconf 85' lang='lat' dir='ltr'>Dergleichen</span> 
     </span>
     <span class='ocr_line' id='line_1_3' title="bbox 140 581 1251 671; baseline 0 -23"><span class='ocrx_word' id='word_1_13' title='bbox 140 583 358 670; x_wconf 83' lang='lat' dir='ltr'>Wendungen</span> <span class='ocrx_word' id='word_1_14' title='bbox 390 583 462 647; x_wconf 89' lang='lat' dir='ltr'>sind</span> <span class='ocrx_word' id='word_1_15' title='bbox 493 582 614 671; x_wconf 91' lang='lat' dir='ltr'>jedoch</span> <span class='ocrx_word' id='word_1_16' title='bbox 647 606 682 648; x_wconf 86' lang='lat' dir='ltr'>so</span> <span class='ocrx_word' id='word_1_17' title='bbox 716 582 897 664; x_wconf 84' lang='lat' dir='ltr'>zahlreich,</span> <span class='ocrx_word' id='word_1_18' title='bbox 935 584 1012 647; x_wconf 90' lang='lat' dir='ltr'>dass</span> <span class='ocrx_word' id='word_1_19' title='bbox 1041 605 1075 647; x_wconf 90' lang='lat' dir='ltr'>es</span> <span class='ocrx_word' id='word_1_20' title='bbox 1103 581 1184 648; x_wconf 86' lang='lat' dir='ltr'>nicht</span> <span class='ocrx_word' id='word_1_21' title='bbox 1206 583 1251 648; x_wconf 86' lang='lat' dir='ltr'>der</span> 
     </span>
     <span class='ocr_line' id='line_1_4' title="bbox 139 682 1252 766; baseline -0.001 -16"><span class='ocrx_word' id='word_1_22' title='bbox 139 685 238 750; x_wconf 83' lang='lat' dir='ltr'>Mtihe</span> <span class='ocrx_word' id='word_1_23' title='bbox 261 686 362 750; x_wconf 87' lang='lat' dir='ltr'>werth</span> <span class='ocrx_word' id='word_1_24' title='bbox 386 686 439 766; x_wconf 89' lang='lat' dir='ltr'>ist,</span> <span class='ocrx_word' id='word_1_25' title='bbox 466 683 529 749; x_wconf 92' lang='lat' dir='ltr'>alle</span> <span class='ocrx_word' id='word_1_26' title='bbox 552 683 778 750; x_wconf 74' lang='lat' dir='ltr'>aufzuzthlcn.</span> <span class='ocrx_word' id='word_1_27' title='bbox 822 685 892 749; x_wconf 92' lang='lat' dir='ltr'>Nur</span> <span class='ocrx_word' id='word_1_28' title='bbox 914 685 972 750; x_wconf 87' lang='lat' dir='ltr'>das</span> <span class='ocrx_word' id='word_1_29' title='bbox 996 706 1085 748; x_wconf 87' lang='lat' dir='ltr'>muss</span> <span class='ocrx_word' id='word_1_30' title='bbox 1106 682 1171 748; x_wconf 90' lang='lat' dir='ltr'>hier</span> <span class='ocrx_word' id='word_1_31' title='bbox 1188 684 1252 749; x_wconf 90' lang='lat' dir='ltr'>noch</span> 
     </span>
     <span class='ocr_line' id='line_1_5' title="bbox 139 784 1252 868; baseline -0.002 -18"><span class='ocrx_word' id='word_1_32' title='bbox 139 787 287 852; x_wconf 78' lang='lat' dir='ltr'>erwtthnt</span> <span class='ocrx_word' id='word_1_33' title='bbox 302 785 443 868; x_wconf 89' lang='lat' dir='ltr'>werden,</span> <span class='ocrx_word' id='word_1_34' title='bbox 468 785 543 850; x_wconf 90' lang='lat' dir='ltr'>dass</span> <span class='ocrx_word' id='word_1_35' title='bbox 565 785 675 852; x_wconf 90' lang='lat' dir='ltr'>solche</span> <span class='ocrx_word' id='word_1_36' title='bbox 690 784 906 852; x_wconf 88' lang='lat' dir='ltr'>Nebentheile</span> <span class='ocrx_word' id='word_1_37' title='bbox 921 786 978 850; x_wconf 89' lang='lat' dir='ltr'>des</span> <span class='ocrx_word' id='word_1_38' title='bbox 995 785 1109 851; x_wconf 86' lang='lat' dir='ltr'>Satzes</span> <span class='ocrx_word' id='word_1_39' title='bbox 1124 784 1252 849; x_wconf 86' lang='lat' dir='ltr'>zuweilcn</span> 
     </span>
     <span class='ocr_line' id='line_1_6' title="bbox 139 886 1248 969; baseline -0.003 -16"><span class='ocrx_word' id='word_1_40' title='bbox 139 890 193 953; x_wconf 88' lang='lat' dir='ltr'>die</span> <span class='ocrx_word' id='word_1_41' title='bbox 220 889 381 954; x_wconf 84' lang='lat' dir='ltr'>Function</span> <span class='ocrx_word' id='word_1_42' title='bbox 410 887 497 952; x_wconf 87' lang='lat' dir='ltr'>eines</span> <span class='ocrx_word' id='word_1_43' title='bbox 526 886 804 953; x_wconf 81' lang='lat' dir='ltr'>Ncbensatncs</span> <span class='ocrx_word' id='word_1_44' title='bbox 838 887 1075 969; x_wconf 81' lang='lat' dir='ltr'>tibernehmen,</span> <span class='ocrx_word' id='word_1_45' title='bbox 1105 909 1154 950; x_wconf 90' lang='lat' dir='ltr'>um</span> <span class='ocrx_word' id='word_1_46' title='bbox 1179 895 1248 950; x_wconf 88' lang='lat' dir='ltr'>tem·</span> 
     </span>
     <span class='ocr_line' id='line_1_7' title="bbox 138 988 1249 1076; baseline -0.002 -22"><span class='ocrx_word' id='word_1_47' title='bbox 138 988 291 1076; x_wconf 86' lang='lat' dir='ltr'>porale,</span> <span class='ocrx_word' id='word_1_48' title='bbox 315 988 494 1069; x_wconf 83' lang='lat' dir='ltr'>causale,</span> <span class='ocrx_word' id='word_1_49' title='bbox 516 989 832 1076; x_wconf 88' lang='lat' dir='ltr'>hypothetischc</span> <span class='ocrx_word' id='word_1_50' title='bbox 855 989 935 1054; x_wconf 90' lang='lat' dir='ltr'>oder</span> <span class='ocrx_word' id='word_1_51' title='bbox 957 989 1249 1054; x_wconf 88' lang='lat' dir='ltr'>concessiveBe·</span> 
     </span>
     <span class='ocr_line' id='line_1_8' title="bbox 139 1085 1248 1177; baseline -0.004 -19"><span class='ocrx_word' id='word_1_52' title='bbox 139 1094 359 1177; x_wconf 84' lang='lat' dir='ltr'>stimmungcn</span> <span class='ocrx_word' id='word_1_53' title='bbox 392 1089 655 1157; x_wconf 85' lang='lat' dir='ltr'>auszudriicken.</span> <span class='ocrx_word' id='word_1_54' title='bbox 710 1091 760 1155; x_wconf 89' lang='lat' dir='ltr'>lm</span> <span class='ocrx_word' id='word_1_55' title='bbox 775 1085 778 1090; x_wconf 37' lang='lat'>⁸</span> <span class='ocrx_word' id='word_1_56' title='bbox 793 1091 953 1157; x_wconf 88' lang='lat' dir='ltr'>Altlatein</span> <span class='ocrx_word' id='word_1_57' title='bbox 991 1090 1081 1155; x_wconf 88' lang='lat' dir='ltr'>finde</span> <span class='ocrx_word' id='word_1_58' title='bbox 1119 1091 1168 1155; x_wconf 93' lang='lat' dir='ltr'>ich</span> <span class='ocrx_word' id='word_1_59' title='bbox 1199 1089 1248 1154; x_wconf 84' lang='lat' dir='ltr'>dies</span> 
     </span>
     <span class='ocr_line' id='line_1_9' title="bbox 138 1181 1247 1279; baseline 0 -23"><span class='ocrx_word' id='word_1_60' title='bbox 138 1195 221 1260; x_wconf 90' lang='lat' dir='ltr'>noch</span> <span class='ocrx_word' id='word_1_61' title='bbox 255 1195 362 1276; x_wconf 90' lang='lat' dir='ltr'>nicht,</span> <span class='ocrx_word' id='word_1_62' title='bbox 395 1201 553 1258; x_wconf 81' lang='lat' dir='ltr'>nerstreut</span> <span class='ocrx_word' id='word_1_63' title='bbox 586 1192 654 1257; x_wconf 91' lang='lat' dir='ltr'>und</span> <span class='ocrx_word' id='word_1_64' title='bbox 690 1181 800 1279; x_wconf 70' lang='lat' dir='ltr'>wenig</span> <span class='ocrx_word' id='word_1_65' title='bbox 830 1191 1007 1258; x_wconf 84' lang='lat' dir='ltr'>auffallend</span> <span class='ocrx_word' id='word_1_66' title='bbox 1039 1193 1093 1259; x_wconf 87' lang='lat' dir='ltr'>bei</span> <span class='ocrx_word' id='word_1_67' title='bbox 1123 1191 1247 1273; x_wconf 80' lang='lat' dir='ltr'>Cicero,</span> 
     </span>
     <span class='ocr_line' id='line_1_10' title="bbox 139 1292 1247 1382; baseline -0.004 -22"><span class='ocrx_word' id='word_1_68' title='bbox 139 1320 168 1360; x_wconf 86' lang='lat' dir='ltr'>z.</span> <span class='ocrx_word' id='word_1_69' title='bbox 191 1296 229 1360; x_wconf 91' lang='lat' dir='ltr'>B.</span> <span class='ocrx_word' id='word_1_70' title='bbox 254 1294 351 1360; x_wconf 83' lang='lat' dir='ltr'>Catil.</span> <span class='ocrx_word' id='word_1_71' title='bbox 375 1294 406 1380; x_wconf 99' lang='grc'>2,</span> <span class='ocrx_word' id='word_1_72' title='bbox 430 1294 450 1358; x_wconf 91' lang='lat'>9</span> <span class='ocrx_word' id='word_1_73' title='bbox 477 1295 535 1382; x_wconf 92' lang='lat' dir='ltr'>qui</span> <span class='ocrx_word' id='word_1_74' title='bbox 558 1316 594 1360; x_wconf 92' lang='lat' dir='ltr'>se</span> <span class='ocrx_word' id='word_1_75' title='bbox 615 1296 650 1358; x_wconf 91' lang='lat' dir='ltr'>in</span> <span class='ocrx_word' id='word_1_76' title='bbox 672 1297 845 1382; x_wconf 83' lang='lat' dir='ltr'>insperatis</span> <span class='ocrx_word' id='word_1_77' title='bbox 869 1295 1114 1382; x_wconf 84' lang='lat' dir='ltr'>repentinisque</span> <span class='ocrx_word' id='word_1_78' title='bbox 1134 1292 1247 1382; x_wconf 89' lang='lat' dir='ltr'>pecuniis</span> 
     </span>
     <span class='ocr_line' id='line_1_11' title="bbox 139 1392 1297 1485; baseline -0.003 -24"><span class='ocrx_word' id='word_1_79' title='bbox 139 1398 360 1485; x_wconf 89' lang='lat' dir='ltr'>sumptuosius</span> <span class='ocrx_word' id='word_1_80' title='bbox 382 1398 552 1461; x_wconf 84' lang='lat' dir='ltr'>iactarunt.</span> <span class='ocrx_word' id='word_1_81' title='bbox 584 1396 613 1480; x_wconf 94' lang='grc'>2,</span> <span class='ocrx_word' id='word_1_82' title='bbox 638 1396 657 1460; x_wconf 90' lang='grc'>8</span> <span class='ocrx_word' id='word_1_83' title='bbox 680 1397 736 1484; x_wconf 84' lang='lat' dir='ltr'>qui</span> <span class='ocrx_word' id='word_1_84' title='bbox 759 1420 876 1483; x_wconf 85' lang='lat' dir='ltr'>magno</span> <span class='ocrx_word' id='word_1_85' title='bbox 899 1398 934 1461; x_wconf 93' lang='lat' dir='ltr'>in</span> <span class='ocrx_word' id='word_1_86' title='bbox 955 1405 1032 1461; x_wconf 86' lang='lat' dir='ltr'>aere</span> <span class='ocrx_word' id='word_1_87' title='bbox 1054 1395 1157 1461; x_wconf 80' lang='lat' dir='ltr'>alieno</span> <span class='ocrx_word' id='word_1_88' title='bbox 1177 1392 1247 1458; x_wconf 76' lang='lat' dir='ltr'>meio</span> <span class='ocrx_word' id='word_1_89' title='bbox 1295 1414 1297 1423; x_wconf 93' lang='grc'><strong><em>·</em></strong></span> 
     </span>
     <span class='ocr_line' id='line_1_12' title="bbox 136 1497 1246 1586; baseline -0.005 -23"><span class='ocrx_word' id='word_1_90' title='bbox 136 1521 189 1564; x_wconf 90' lang='lat' dir='ltr'>res</span> <span class='ocrx_word' id='word_1_91' title='bbox 222 1501 321 1564; x_wconf 90' lang='lat' dir='ltr'>etiam</span> <span class='ocrx_word' id='word_1_92' title='bbox 353 1500 574 1586; x_wconf 86' lang='lat' dir='ltr'>possessiones</span> <span class='ocrx_word' id='word_1_93' title='bbox 607 1498 740 1563; x_wconf 88' lang='lat' dir='ltr'>habent.</span> <span class='ocrx_word' id='word_1_94' title='bbox 780 1501 818 1581; x_wconf 89' lang='lat'>4,</span> <span class='ocrx_word' id='word_1_95' title='bbox 850 1500 867 1562; x_wconf 87' lang='lat'>1</span> <span class='ocrx_word' id='word_1_96' title='bbox 896 1497 999 1563; x_wconf 86' lang='lat' dir='ltr'>multa</span> <span class='ocrx_word' id='word_1_97' title='bbox 1031 1519 1104 1562; x_wconf 89' lang='lat' dir='ltr'>meo</span> <span class='ocrx_word' id='word_1_98' title='bbox 1139 1497 1246 1584; x_wconf 86' lang='lat' dir='ltr'>quodam</span> 
     </span>
     <span class='ocr_line' id='line_1_13' title="bbox 139 1599 1249 1682; baseline -0.005 -16"><span class='ocrx_word' id='word_1_99' title='bbox 139 1601 249 1668; x_wconf 88' lang='lat' dir='ltr'>dolore</span> <span class='ocrx_word' id='word_1_100' title='bbox 271 1602 306 1665; x_wconf 90' lang='lat' dir='ltr'>in</span> <span class='ocrx_word' id='word_1_101' title='bbox 327 1610 438 1666; x_wconf 85' lang='lat' dir='ltr'>vestro</span> <span class='ocrx_word' id='word_1_102' title='bbox 461 1600 578 1664; x_wconf 90' lang='lat' dir='ltr'>timore</span> <span class='ocrx_word' id='word_1_103' title='bbox 601 1601 725 1665; x_wconf 84' lang='lat' dir='ltr'>sanavi.</span> <span class='ocrx_word' id='word_1_104' title='bbox 763 1601 840 1664; x_wconf 82' lang='lat' dir='ltr'>iam.</span> <span class='ocrx_word' id='word_1_105' title='bbox 873 1600 924 1682; x_wconf 80' lang='lat'>15,</span> <span class='ocrx_word' id='word_1_106' title='bbox 955 1599 1011 1682; x_wconf 84' lang='lat'>15,</span> <span class='ocrx_word' id='word_1_107' title='bbox 1041 1601 1060 1665; x_wconf 80' lang='lat'><strong>7</strong></span> <span class='ocrx_word' id='word_1_108' title='bbox 1089 1621 1146 1664; x_wconf 91' lang='lat' dir='ltr'>nos</span> <span class='ocrx_word' id='word_1_109' title='bbox 1169 1607 1249 1663; x_wconf 72' lang='lat' dir='ltr'>nmen</span> 
     </span>
     <span class='ocr_line' id='line_1_14' title="bbox 139 1699 1248 1789; baseline -0.005 -23"><span class='ocrx_word' id='word_1_110' title='bbox 139 1704 173 1781; x_wconf 83' lang='lat' dir='ltr'>in</span> <span class='ocrx_word' id='word_1_111' title='bbox 195 1703 331 1769; x_wconf 90' lang='lat' dir='ltr'>consilio</span> <span class='ocrx_word' id='word_1_112' title='bbox 354 1703 426 1789; x_wconf 92' lang='lat' dir='ltr'>pari</span> <span class='ocrx_word' id='word_1_113' title='bbox 449 1723 527 1766; x_wconf 91' lang='lat' dir='ltr'>casu</span> <span class='ocrx_word' id='word_1_114' title='bbox 555 1699 707 1766; x_wconf 89' lang='lat' dir='ltr'>dissimili</span> <span class='ocrx_word' id='word_1_115' title='bbox 734 1703 788 1767; x_wconf 89' lang='lat' dir='ltr'>usi</span> <span class='ocrx_word' id='word_1_116' title='bbox 816 1725 937 1766; x_wconf 89' lang='lat' dir='ltr'>sumus.</span> <span class='ocrx_word' id='word_1_117' title='bbox 983 1703 1064 1768; x_wconf 84' lang='lat' dir='ltr'>Fast</span> <span class='ocrx_word' id='word_1_118' title='bbox 1091 1699 1248 1779; x_wconf 76' lang='lat' dir='ltr'>unzthlbar,</span> 
     </span>
     <span class='ocr_line' id='line_1_15' title="bbox 139 1800 1251 1884; baseline -0.009 -13"><span class='ocrx_word' id='word_1_119' title='bbox 139 1807 200 1871; x_wconf 85' lang='lat' dir='ltr'>wie</span> <span class='ocrx_word' id='word_1_120' title='bbox 222 1805 375 1869; x_wconf 83' lang='lat' dir='ltr'>Kiihnast</span> <span class='ocrx_word' id='word_1_121' title='bbox 398 1803 431 1869; x_wconf 89' lang='lat' dir='ltr'>S.</span> <span class='ocrx_word' id='word_1_122' title='bbox 454 1804 518 1868; x_wconf 84' lang='lat'>364</span> <span class='ocrx_word' id='word_1_123' title='bbox 545 1805 741 1884; x_wconf 84' lang='lat' dir='ltr'>versichert,</span> <span class='ocrx_word' id='word_1_124' title='bbox 772 1804 846 1869; x_wconf 88' lang='lat' dir='ltr'>sind</span> <span class='ocrx_word' id='word_1_125' title='bbox 874 1826 941 1868; x_wconf 89' lang='lat' dir='ltr'>nun</span> <span class='ocrx_word' id='word_1_126' title='bbox 973 1802 1083 1868; x_wconf 88' lang='lat' dir='ltr'>solche</span> <span class='ocrx_word' id='word_1_127' title='bbox 1111 1803 1174 1869; x_wconf 91' lang='lat' dir='ltr'>und</span> <span class='ocrx_word' id='word_1_128' title='bbox 1195 1800 1251 1865; x_wconf 83' lang='lat' dir='ltr'>weit</span> 
     </span>
     <span class='ocr_line' id='line_1_16' title="bbox 139 1904 1251 1987; baseline -0.006 -14"><span class='ocrx_word' id='word_1_129' title='bbox 139 1906 371 1973; x_wconf 86' lang='lat' dir='ltr'>auffallenderc</span> <span class='ocrx_word' id='word_1_130' title='bbox 400 1904 522 1971; x_wconf 86' lang='lat' dir='ltr'>Stellen</span> <span class='ocrx_word' id='word_1_131' title='bbox 550 1906 603 1971; x_wconf 91' lang='lat' dir='ltr'>bei</span> <span class='ocrx_word' id='word_1_132' title='bbox 631 1906 792 1971; x_wconf 83' lang='lat' dir='ltr'>Livius:</span> <span class='ocrx_word' id='word_1_133' title='bbox 825 1905 859 1987; x_wconf 96' lang='grc'>2,</span> <span class='ocrx_word' id='word_1_134' title='bbox 894 1906 933 1970; x_wconf 92' lang='grc'>18</span> <span class='ocrx_word' id='word_1_135' title='bbox 968 1906 1002 1970; x_wconf 91' lang='lat' dir='ltr'>in</span> <span class='ocrx_word' id='word_1_136' title='bbox 1020 1905 1090 1970; x_wconf 86' lang='lat' dir='ltr'>&#39;hac</span> <span class='ocrx_word' id='word_1_137' title='bbox 1118 1914 1251 1969; x_wconf 77' lang='lat' dir='ltr'>tantumn</span> 
     </span>
     <span class='ocr_line' id='line_1_17' title="bbox 138 2004 1252 2097; baseline -0.006 -23"><span class='ocrx_word' id='word_1_138' title='bbox 138 2010 381 2097; x_wconf 79' lang='lat' dir='ltr'>exspectatione</span> <span class='ocrx_word' id='word_1_139' title='bbox 403 2028 512 2073; x_wconf 87' lang='lat' dir='ltr'>rerum</span> <span class='ocrx_word' id='word_1_140' title='bbox 534 2005 675 2073; x_wconf 87' lang='lat' dir='ltr'>sollicita</span> <span class='ocrx_word' id='word_1_141' title='bbox 698 2009 842 2072; x_wconf 87' lang='lat' dir='ltr'>civitate.</span> <span class='ocrx_word' id='word_1_142' title='bbox 876 2007 908 2090; x_wconf 92' lang='grc'>2,</span> <span class='ocrx_word' id='word_1_143' title='bbox 937 2008 980 2073; x_wconf 90' lang='grc'>26</span> <span class='ocrx_word' id='word_1_144' title='bbox 1008 2008 1042 2072; x_wconf 93' lang='lat' dir='ltr'>in</span> <span class='ocrx_word' id='word_1_145' title='bbox 1070 2029 1183 2092; x_wconf 84' lang='lat' dir='ltr'>magna</span> <span class='ocrx_word' id='word_1_146' title='bbox 1205 2004 1252 2068; x_wconf 89' lang='lat' dir='ltr'>ian</span> 
     </span>
     <span class='ocr_line' id='line_1_18' title="bbox 138 2108 1254 2199; baseline -0.004 -23"><span class='ocrx_word' id='word_1_147' title='bbox 138 2133 197 2199; x_wconf 89' lang='lat' dir='ltr'>spe</span> <span class='ocrx_word' id='word_1_148' title='bbox 219 2110 364 2198; x_wconf 87' lang='lat' dir='ltr'>undiquc</span> <span class='ocrx_word' id='word_1_149' title='bbox 385 2119 498 2196; x_wconf 84' lang='lat' dir='ltr'>partae</span> <span class='ocrx_word' id='word_1_150' title='bbox 519 2111 609 2196; x_wconf 86' lang='lat' dir='ltr'>pacis</span> <span class='ocrx_word' id='word_1_151' title='bbox 632 2109 732 2195; x_wconf 85' lang='lat' dir='ltr'>legati</span> <span class='ocrx_word' id='word_1_152' title='bbox 754 2110 902 2175; x_wconf 82' lang='lat' dir='ltr'>Aurunci</span> <span class='ocrx_word' id='word_1_153' title='bbox 925 2119 1075 2175; x_wconf 89' lang='lat' dir='ltr'>senatum</span> <span class='ocrx_word' id='word_1_154' title='bbox 1097 2108 1207 2174; x_wconf 90' lang='lat' dir='ltr'>adeunt</span> <span class='ocrx_word' id='word_1_155' title='bbox 1223 2143 1254 2154; x_wconf 83' lang='lat'>—</span> 
     </span>
     <span class='ocr_line' id='line_1_19' title="bbox 137 2208 1255 2299; baseline -0.007 -21"><span class='ocrx_word' id='word_1_156' title='bbox 137 2213 258 2278; x_wconf 84' lang='lat' dir='ltr'>bellum</span> <span class='ocrx_word' id='word_1_157' title='bbox 281 2212 473 2278; x_wconf 86' lang='lat' dir='ltr'>indicentes.</span> <span class='ocrx_word' id='word_1_158' title='bbox 503 2212 534 2295; x_wconf 90' lang='grc'>4,</span> <span class='ocrx_word' id='word_1_159' title='bbox 557 2212 598 2287; x_wconf 82' lang='grc'>46</span> <span class='ocrx_word' id='word_1_160' title='bbox 620 2210 715 2278; x_wconf 88' lang='lat' dir='ltr'>multi</span> <span class='ocrx_word' id='word_1_161' title='bbox 743 2214 778 2276; x_wconf 89' lang='lat' dir='ltr'>in</span> <span class='ocrx_word' id='word_1_162' title='bbox 804 2212 899 2276; x_wconf 91' lang='lat' dir='ltr'>ruina</span> <span class='ocrx_word' id='word_1_163' title='bbox 927 2212 1050 2277; x_wconf 91' lang='lat' dir='ltr'>maiore</span> <span class='ocrx_word' id='word_1_164' title='bbox 1078 2233 1172 2299; x_wconf 88' lang='lat' dir='ltr'>quam</span> <span class='ocrx_word' id='word_1_165' title='bbox 1193 2208 1255 2292; x_wconf 83' lang='lat' dir='ltr'>fuga</span> 
     </span>
     <span class='ocr_line' id='line_1_20' title="bbox 138 2310 1254 2403; baseline -0.007 -22"><span class='ocrx_word' id='word_1_166' title='bbox 138 2315 297 2403; x_wconf 87' lang='lat' dir='ltr'>oppressi.</span> <span class='ocrx_word' id='word_1_167' title='bbox 328 2314 359 2396; x_wconf 88' lang='grc'>2,</span> <span class='ocrx_word' id='word_1_168' title='bbox 382 2314 424 2378; x_wconf 88' lang='grc'>34</span> <span class='ocrx_word' id='word_1_169' title='bbox 445 2314 648 2378; x_wconf 89' lang='lat' dir='ltr'>incommodo</span> <span class='ocrx_word' id='word_1_170' title='bbox 680 2312 763 2378; x_wconf 89' lang='lat' dir='ltr'>bello</span> <span class='ocrx_word' id='word_1_171' title='bbox 791 2315 826 2378; x_wconf 91' lang='lat' dir='ltr'>in</span> <span class='ocrx_word' id='word_1_172' title='bbox 853 2325 919 2380; x_wconf 85' lang='lat' dir='ltr'>tam</span> <span class='ocrx_word' id='word_1_173' title='bbox 941 2315 1022 2379; x_wconf 88' lang='lat' dir='ltr'>artis</span> <span class='ocrx_word' id='word_1_174' title='bbox 1046 2310 1254 2378; x_wconf 83' lang='lat' dir='ltr'>commeatibus</span> 
     </span>
     <span class='ocr_line' id='line_1_21' title="bbox 137 2414 1255 2502; baseline -0.006 -20"><span class='ocrx_word' id='word_1_175' title='bbox 137 2417 249 2482; x_wconf 88' lang='lat' dir='ltr'>vexati</span> <span class='ocrx_word' id='word_1_176' title='bbox 277 2415 393 2481; x_wconf 86' lang='lat' dir='ltr'>forent.</span> <span class='ocrx_word' id='word_1_177' title='bbox 431 2417 463 2494; x_wconf 90' lang='lat'>1,</span> <span class='ocrx_word' id='word_1_178' title='bbox 499 2416 537 2480; x_wconf 74' lang='lat'>17</span> <span class='ocrx_word' id='word_1_179' title='bbox 566 2416 600 2479; x_wconf 92' lang='lat' dir='ltr'>in</span> <span class='ocrx_word' id='word_1_180' title='bbox 628 2416 731 2482; x_wconf 83' lang='lat' dir='ltr'>variis</span> <span class='ocrx_word' id='word_1_181' title='bbox 760 2414 987 2480; x_wconf 84' lang='lat' dir='ltr'>voluntatibus</span> <span class='ocrx_word' id='word_1_182' title='bbox 1015 2416 1146 2502; x_wconf 84' lang='lat' dir='ltr'>regnari</span> <span class='ocrx_word' id='word_1_183' title='bbox 1169 2424 1255 2479; x_wconf 86' lang='lat' dir='ltr'>tamen</span> 
     </span>
     <span class='ocr_line' id='line_1_22' title="bbox 137 2516 1256 2600; baseline -0.006 -16"><span class='ocrx_word' id='word_1_184' title='bbox 137 2541 249 2584; x_wconf 89' lang='lat' dir='ltr'>omnes</span> <span class='ocrx_word' id='word_1_185' title='bbox 278 2516 442 2583; x_wconf 87' lang='lat' dir='ltr'>volebant.</span> <span class='ocrx_word' id='word_1_186' title='bbox 481 2518 509 2600; x_wconf 87' lang='lat'>1,</span> <span class='ocrx_word' id='word_1_187' title='bbox 538 2517 579 2581; x_wconf 90' lang='grc'>28</span> <span class='ocrx_word' id='word_1_188' title='bbox 607 2518 640 2581; x_wconf 91' lang='lat' dir='ltr'>in</span> <span class='ocrx_word' id='word_1_189' title='bbox 669 2539 738 2580; x_wconf 89' lang='lat' dir='ltr'>var.</span> <span class='ocrx_word' id='word_1_190' title='bbox 768 2517 832 2585; x_wconf 89' lang='lat' dir='ltr'>vol.</span> <span class='ocrx_word' id='word_1_191' title='bbox 862 2519 1024 2583; x_wconf 92' lang='lat' dir='ltr'>communi</span> <span class='ocrx_word' id='word_1_192' title='bbox 1052 2526 1160 2582; x_wconf 86' lang='lat' dir='ltr'>tamen</span> <span class='ocrx_word' id='word_1_193' title='bbox 1186 2523 1256 2580; x_wconf 90' lang='lat' dir='ltr'>metu</span> 
     </span>
     <span class='ocr_line' id='line_1_23' title="bbox 139 2616 1257 2709; baseline -0.004 -25"><span class='ocrx_word' id='word_1_194' title='bbox 139 2631 274 2706; x_wconf 82' lang='lat' dir='ltr'>cogente</span> <span class='ocrx_word' id='word_1_195' title='bbox 298 2628 354 2685; x_wconf 89' lang='lat' dir='ltr'>ctt.</span> <span class='ocrx_word' id='word_1_196' title='bbox 390 2620 422 2703; x_wconf 88' lang='lat'>3,</span> <span class='ocrx_word' id='word_1_197' title='bbox 446 2621 464 2683; x_wconf 76' lang='lat'>8</span> <span class='ocrx_word' id='word_1_198' title='bbox 487 2619 591 2703; x_wconf 86' lang='lat' dir='ltr'>magis</span> <span class='ocrx_word' id='word_1_199' title='bbox 614 2619 648 2683; x_wconf 92' lang='lat' dir='ltr'>in</span> <span class='ocrx_word' id='word_1_200' title='bbox 676 2640 711 2683; x_wconf 90' lang='lat' dir='ltr'>re</span> <span class='ocrx_word' id='word_1_201' title='bbox 734 2618 844 2709; x_wconf 63' lang='lat' dir='ltr'>subita</span> <span class='ocrx_word' id='word_1_202' title='bbox 866 2642 964 2707; x_wconf 90' lang='lat' dir='ltr'>quam</span> <span class='ocrx_word' id='word_1_203' title='bbox 987 2619 1075 2706; x_wconf 94' lang='lat' dir='ltr'>quod</span> <span class='ocrx_word' id='word_1_204' title='bbox 1098 2629 1153 2685; x_wconf 89' lang='lat' dir='ltr'>ctt.</span> <span class='ocrx_word' id='word_1_205' title='bbox 1180 2619 1207 2699; x_wconf 84' lang='lat'>3,</span> <span class='ocrx_word' id='word_1_206' title='bbox 1225 2616 1257 2680; x_wconf 83' lang='lat'>33</span> 
     </span>
     <span class='ocr_line' id='line_1_24' title="bbox 138 2719 1257 2807; baseline -0.006 -21"><span class='ocrx_word' id='word_1_207' title='bbox 138 2724 171 2786; x_wconf 90' lang='lat' dir='ltr'>in</span> <span class='ocrx_word' id='word_1_208' title='bbox 201 2723 300 2787; x_wconf 92' lang='lat' dir='ltr'>unica</span> <span class='ocrx_word' id='word_1_209' title='bbox 331 2722 504 2786; x_wconf 87' lang='lat' dir='ltr'>concordia</span> <span class='ocrx_word' id='word_1_210' title='bbox 535 2723 619 2785; x_wconf 90' lang='lat' dir='ltr'>inter</span> <span class='ocrx_word' id='word_1_211' title='bbox 652 2722 741 2807; x_wconf 89' lang='lat' dir='ltr'>ipsos</span> <span class='ocrx_word' id='word_1_212' title='bbox 773 2761 809 2769; x_wconf 94' lang='lat'>-</span> <span class='ocrx_word' id='word_1_213' title='bbox 845 2744 972 2786; x_wconf 90' lang='lat' dir='ltr'>summa</span> <span class='ocrx_word' id='word_1_214' title='bbox 1006 2721 1164 2788; x_wconf 87' lang='lat' dir='ltr'>adversus</span> <span class='ocrx_word' id='word_1_215' title='bbox 1193 2719 1257 2783; x_wconf 86' lang='lat' dir='ltr'>alios</span> 
     </span>
     <span class='ocr_line' id='line_1_25' title="bbox 137 2827 386 2912; baseline -0.004 -24"><span class='ocrx_word' id='word_1_216' title='bbox 137 2827 284 2912; x_wconf 87' lang='lat' dir='ltr'>aequitas</span> <span class='ocrx_word' id='word_1_217' title='bbox 308 2833 386 2888; x_wconf 90' lang='lat' dir='ltr'>erat.</span> 
     </span>
    </p>

    <p class='ocr_par' dir='ltr' id='par_1_3' title="bbox 137 2923 1260 3317">
     <span class='ocr_line' id='line_1_26' title="bbox 222 2923 1259 3007; baseline -0.007 -17"><span class='ocrx_word' id='word_1_218' title='bbox 222 2926 288 2989; x_wconf 83' lang='lat' dir='ltr'>Ein</span> <span class='ocrx_word' id='word_1_219' title='bbox 309 2924 593 2990; x_wconf 85' lang='lat' dir='ltr'>nachklassischer</span> <span class='ocrx_word' id='word_1_220' title='bbox 616 2926 873 2991; x_wconf 85' lang='lat' dir='ltr'>Graecismus</span> <span class='ocrx_word' id='word_1_221' title='bbox 897 2926 955 2990; x_wconf 86' lang='lat' dir='ltr'>ist:</span> <span class='ocrx_word' id='word_1_222' title='bbox 984 2925 1060 2990; x_wconf 86' lang='lat' dir='ltr'>Liv.</span> <span class='ocrx_word' id='word_1_223' title='bbox 1089 2927 1147 3007; x_wconf 88' lang='grc'>26,</span> <span class='ocrx_word' id='word_1_224' title='bbox 1174 2925 1210 2988; x_wconf 84' lang='grc'>43</span> <span class='ocrx_word' id='word_1_225' title='bbox 1234 2923 1259 2985; x_wconf 89' lang='lat' dir='ltr'>in</span> 
     </span>
     <span class='ocr_line' id='line_1_27' title="bbox 137 3025 1259 3114; baseline -0.005 -23"><span class='ocrx_word' id='word_1_226' title='bbox 137 3050 201 3091; x_wconf 91' lang='lat' dir='ltr'>una</span> <span class='ocrx_word' id='word_1_227' title='bbox 228 3029 309 3093; x_wconf 88' lang='lat' dir='ltr'>urbe</span> <span class='ocrx_word' id='word_1_228' title='bbox 338 3031 392 3113; x_wconf 90' lang='lat'>(=</span> <span class='ocrx_word' id='word_1_229' title='bbox 421 3048 485 3091; x_wconf 89' lang='lat' dir='ltr'>una</span> <span class='ocrx_word' id='word_1_230' title='bbox 513 3025 594 3090; x_wconf 89' lang='lat' dir='ltr'>urbe</span> <span class='ocrx_word' id='word_1_231' title='bbox 623 3030 734 3114; x_wconf 86' lang='lat' dir='ltr'>capta)</span> <span class='ocrx_word' id='word_1_232' title='bbox 769 3029 957 3093; x_wconf 89' lang='lat' dir='ltr'>universam</span> <span class='ocrx_word' id='word_1_233' title='bbox 985 3028 1138 3112; x_wconf 86' lang='lat' dir='ltr'>ceperitis</span> <span class='ocrx_word' id='word_1_234' title='bbox 1161 3026 1259 3110; x_wconf 89' lang='lat' dir='ltr'>Hispa·</span> 
     </span>
     <span class='ocr_line' id='line_1_28' title="bbox 138 3125 1260 3212; baseline -0.003 -19"><span class='ocrx_word' id='word_1_235' title='bbox 138 3131 235 3194; x_wconf 89' lang='lat' dir='ltr'>niam.</span> <span class='ocrx_word' id='word_1_236' title='bbox 275 3130 336 3194; x_wconf 91' lang='lat' dir='ltr'>Ov.</span> <span class='ocrx_word' id='word_1_237' title='bbox 366 3138 442 3193; x_wconf 91' lang='lat' dir='ltr'>met.</span> <span class='ocrx_word' id='word_1_238' title='bbox 472 3129 504 3210; x_wconf 89' lang='grc'>2,</span> <span class='ocrx_word' id='word_1_239' title='bbox 531 3129 594 3194; x_wconf 88' lang='grc'>362</span> <span class='ocrx_word' id='word_1_240' title='bbox 628 3141 774 3195; x_wconf 88' lang='lat' dir='ltr'>nostrum</span> <span class='ocrx_word' id='word_1_241' title='bbox 809 3128 954 3194; x_wconf 89' lang='lat' dir='ltr'>laniatur</span> <span class='ocrx_word' id='word_1_242' title='bbox 979 3129 1014 3191; x_wconf 91' lang='lat' dir='ltr'>in</span> <span class='ocrx_word' id='word_1_243' title='bbox 1041 3130 1158 3194; x_wconf 91' lang='lat' dir='ltr'>arbore</span> <span class='ocrx_word' id='word_1_244' title='bbox 1189 3125 1260 3212; x_wconf 85' lang='lat' dir='ltr'>(scil.</span> 
     </span>
     <span class='ocr_line' id='line_1_29' title="bbox 138 3230 1059 3317; baseline -0.001 -23"><span class='ocrx_word' id='word_1_245' title='bbox 138 3230 452 3317; x_wconf 63' lang='lat' dir='ltr'>laniendaicorpus.</span> <span class='ocrx_word' id='word_1_246' title='bbox 497 3230 592 3294; x_wconf 81' lang='lat' dir='ltr'>Melrr</span> <span class='ocrx_word' id='word_1_247' title='bbox 615 3230 707 3315; x_wconf 84' lang='lat' dir='ltr'>giebt</span> <span class='ocrx_word' id='word_1_248' title='bbox 730 3231 828 3295; x_wconf 91' lang='lat' dir='ltr'>Hand</span> <span class='ocrx_word' id='word_1_249' title='bbox 852 3231 885 3297; x_wconf 82' lang='lat' dir='ltr'>S.</span> <span class='ocrx_word' id='word_1_250' title='bbox 908 3231 982 3312; x_wconf 79' lang='grc'><strong>261,</strong></span> <span class='ocrx_word' id='word_1_251' title='bbox 1006 3230 1059 3294; x_wconf 89' lang='grc'>31.</span> 
     </span>
    </p>

    <p class='ocr_par' dir='ltr' id='par_1_4' title="bbox 136 3331 1260 3520">
     <span class='ocr_line' id='line_1_30' title="bbox 222 3331 1260 3400; baseline -0.006 -3"><span class='ocrx_word' id='word_1_252' title='bbox 222 3333 252 3397; x_wconf 89' lang='grc'>8.</span> <span class='ocrx_word' id='word_1_253' title='bbox 276 3331 387 3397; x_wconf 89' lang='lat' dir='ltr'>Ucber</span> <span class='ocrx_word' id='word_1_254' title='bbox 409 3334 444 3396; x_wconf 91' lang='lat' dir='ltr'>in</span> <span class='ocrx_word' id='word_1_255' title='bbox 466 3333 526 3396; x_wconf 89' lang='lat' dir='ltr'>mit</span> <span class='ocrx_word' id='word_1_256' title='bbox 549 3332 624 3397; x_wconf 91' lang='lat' dir='ltr'>dem</span> <span class='ocrx_word' id='word_1_257' title='bbox 647 3332 722 3400; x_wconf 83' lang='lat' dir='ltr'>Abl.</span> <span class='ocrx_word' id='word_1_258' title='bbox 752 3334 839 3397; x_wconf 88' lang='lat' dir='ltr'>eines</span> <span class='ocrx_word' id='word_1_259' title='bbox 869 3331 1141 3398; x_wconf 88' lang='lat' dir='ltr'>substantivirten</span> <span class='ocrx_word' id='word_1_260' title='bbox 1163 3331 1260 3395; x_wconf 87' lang='lat' dir='ltr'>Neutr.</span> 
     </span>
     <span class='ocr_line' id='line_1_31' title="bbox 136 3434 786 3520; baseline 0 -22"><span class='ocrx_word' id='word_1_261' title='bbox 136 3437 220 3520; x_wconf 83' lang='lat' dir='ltr'>sing.</span> <span class='ocrx_word' id='word_1_262' title='bbox 244 3443 323 3499; x_wconf 88' lang='lat' dir='ltr'>statt</span> <span class='ocrx_word' id='word_1_263' title='bbox 345 3435 434 3497; x_wconf 84' lang='lat' dir='ltr'>eines</span> <span class='ocrx_word' id='word_1_264' title='bbox 456 3434 610 3500; x_wconf 87' lang='lat' dir='ltr'>Advcrbs</span> <span class='ocrx_word' id='word_1_265' title='bbox 634 3458 658 3498; x_wconf 82' lang='lat' dir='ltr'>a.</span> <span class='ocrx_word' id='word_1_266' title='bbox 683 3438 712 3516; x_wconf 66' lang='grc' dir='ltr'>ξ.</span> <span class='ocrx_word' id='word_1_267' title='bbox 735 3435 786 3498; x_wconf 88' lang='grc'>24.</span> 
     </span>
    </p>

    <p class='ocr_par' dir='ltr' id='par_1_5' title="bbox 136 3531 1262 3823">
     <span class='ocr_line' id='line_1_32' title="bbox 221 3531 1262 3620; baseline -0.005 -21"><span class='ocrx_word' id='word_1_268' title='bbox 221 3537 252 3599; x_wconf 91' lang='grc'>9.</span> <span class='ocrx_word' id='word_1_269' title='bbox 283 3536 394 3601; x_wconf 89' lang='lat' dir='ltr'>Ucber</span> <span class='ocrx_word' id='word_1_270' title='bbox 426 3535 866 3620; x_wconf 85' lang='lat' dir='ltr'>Zeitbestimmungen,</span> <span class='ocrx_word' id='word_1_271' title='bbox 909 3536 1031 3601; x_wconf 87' lang='lat' dir='ltr'>welche</span> <span class='ocrx_word' id='word_1_272' title='bbox 1064 3535 1144 3600; x_wconf 89' lang='lat' dir='ltr'>bald</span> <span class='ocrx_word' id='word_1_273' title='bbox 1176 3531 1262 3597; x_wconf 88' lang='lat' dir='ltr'>durch</span> 
     </span>
     <span class='ocr_line' id='line_1_33' title="bbox 136 3635 1261 3724; baseline -0.004 -22"><span class='ocrx_word' id='word_1_274' title='bbox 136 3642 181 3719; x_wconf 91' lang='lat' dir='ltr'>in,</span> <span class='ocrx_word' id='word_1_275' title='bbox 215 3637 290 3700; x_wconf 89' lang='lat' dir='ltr'>bald</span> <span class='ocrx_word' id='word_1_276' title='bbox 317 3637 430 3702; x_wconf 89' lang='lat' dir='ltr'>durch·</span> <span class='ocrx_word' id='word_1_277' title='bbox 450 3639 512 3702; x_wconf 88' lang='lat' dir='ltr'>den</span> <span class='ocrx_word' id='word_1_278' title='bbox 536 3635 611 3702; x_wconf 90' lang='lat' dir='ltr'>Abl.</span> <span class='ocrx_word' id='word_1_279' title='bbox 642 3640 796 3724; x_wconf 87' lang='lat' dir='ltr'>temporis</span> <span class='ocrx_word' id='word_1_280' title='bbox 826 3637 1050 3722; x_wconf 84' lang='lat' dir='ltr'>ausgcdriickt</span> <span class='ocrx_word' id='word_1_281' title='bbox 1077 3638 1222 3719; x_wconf 87' lang='lat' dir='ltr'>werden,</span> <span class='ocrx_word' id='word_1_282' title='bbox 1242 3657 1261 3698; x_wconf 85' lang='lat' dir='ltr'>s.</span> 
     </span>
     <span class='ocr_line' id='line_1_34' title="bbox 136 3738 524 3823; baseline -0.003 -20"><span class='ocrx_word' id='word_1_283' title='bbox 136 3746 166 3823; x_wconf 65' lang='grc' dir='ltr'>ξ.</span> <span class='ocrx_word' id='word_1_284' title='bbox 190 3740 262 3818; x_wconf 88' lang='grc'>223,</span> <span class='ocrx_word' id='word_1_285' title='bbox 287 3738 319 3803; x_wconf 82' lang='lat' dir='ltr'>S.</span> <span class='ocrx_word' id='word_1_286' title='bbox 342 3739 524 3804; x_wconf 82' lang='grc'>487-492.</span> 
     </span>
    </p>

    <p class='ocr_par' dir='ltr' id='par_1_6' title="bbox 134 3838 1264 4333">
     <span class='ocr_line' id='line_1_35' title="bbox 224 3838 1264 3927; baseline -0.002 -23"><span class='ocrx_word' id='word_1_287' title='bbox 224 3842 273 3905; x_wconf 91' lang='grc'>10.</span> <span class='ocrx_word' id='word_1_288' title='bbox 298 3838 428 3906; x_wconf 86' lang='lat' dir='ltr'>Seltene</span> <span class='ocrx_word' id='word_1_289' title='bbox 450 3842 517 3907; x_wconf 90' lang='lat' dir='ltr'>und</span> <span class='ocrx_word' id='word_1_290' title='bbox 539 3864 613 3905; x_wconf 88' lang='lat' dir='ltr'>zum</span> <span class='ocrx_word' id='word_1_291' title='bbox 634 3841 728 3906; x_wconf 82' lang='lat' dir='ltr'>Theil</span> <span class='ocrx_word' id='word_1_292' title='bbox 748 3856 920 3926; x_wconf 84' lang='lat' dir='ltr'>ungenaue</span> <span class='ocrx_word' id='word_1_293' title='bbox 935 3841 1196 3927; x_wconf 86' lang='lat' dir='ltr'>Anwendungen</span> <span class='ocrx_word' id='word_1_294' title='bbox 1217 3840 1264 3905; x_wconf 85' lang='lat' dir='ltr'>der</span> 
     </span>
     <span class='ocr_line' id='line_1_36' title="bbox 135 3943 1262 4029; baseline -0.003 -21"><span class='ocrx_word' id='word_1_295' title='bbox 135 3943 345 4029; x_wconf 72' lang='lat' dir='ltr'>Prtposition</span> <span class='ocrx_word' id='word_1_296' title='bbox 374 3945 411 4008; x_wconf 91' lang='lat' dir='ltr'>in</span> <span class='ocrx_word' id='word_1_297' title='bbox 439 3966 467 4006; x_wconf 89' lang='lat' dir='ltr'>c.</span> <span class='ocrx_word' id='word_1_298' title='bbox 496 3943 560 4008; x_wconf 92' lang='lat' dir='ltr'>abl.</span> <span class='ocrx_word' id='word_1_299' title='bbox 590 3944 641 4008; x_wconf 89' lang='lat' dir='ltr'>bei</span> <span class='ocrx_word' id='word_1_300' title='bbox 669 3945 819 4027; x_wconf 71' lang='lat' dir='ltr'>ulliyure,</span> <span class='ocrx_word' id='word_1_301' title='bbox 854 3946 1002 4028; x_wconf 88' lang='lat' dir='ltr'>introire,</span> <span class='ocrx_word' id='word_1_302' title='bbox 1038 3945 1262 4027; x_wconf 80' lang='lat' dir='ltr'>introrumpere,</span> 
     </span>
     <span class='ocr_line' id='line_1_37' title="bbox 135 4045 1264 4131; baseline -0.004 -19"><span class='ocrx_word' id='word_1_303' title='bbox 135 4048 356 4126; x_wconf 77' lang='lat' dir='ltr'>intromittere,</span> <span class='ocrx_word' id='word_1_304' title='bbox 391 4047 555 4111; x_wconf 81' lang='lat' dir='ltr'>inmittere</span> <span class='ocrx_word' id='word_1_305' title='bbox 584 4045 649 4109; x_wconf 89' lang='lat' dir='ltr'>und</span> <span class='ocrx_word' id='word_1_306' title='bbox 680 4047 795 4127; x_wconf 85' lang='lat' dir='ltr'>offerre</span> <span class='ocrx_word' id='word_1_307' title='bbox 822 4046 917 4129; x_wconf 89' lang='lat' dir='ltr'>(auch</span> <span class='ocrx_word' id='word_1_308' title='bbox 941 4045 1072 4131; x_wconf 83' lang='lat' dir='ltr'>Cicero)</span> <span class='ocrx_word' id='word_1_309' title='bbox 1100 4045 1264 4128; x_wconf 75' lang='lat' dir='ltr'>infundere,</span> 
     </span>
     <span class='ocr_line' id='line_1_38' title="bbox 134 4146 1263 4232; baseline -0.004 -18"><span class='ocrx_word' id='word_1_310' title='bbox 134 4170 166 4214; x_wconf 85' lang='lat' dir='ltr'>se</span> <span class='ocrx_word' id='word_1_311' title='bbox 197 4151 348 4231; x_wconf 86' lang='lat' dir='ltr'>inserere,</span> <span class='ocrx_word' id='word_1_312' title='bbox 384 4148 518 4213; x_wconf 85' lang='lat' dir='ltr'>abiicere</span> <span class='ocrx_word' id='word_1_313' title='bbox 552 4147 694 4230; x_wconf 78' lang='lat' dir='ltr'>(Cicero)</span> <span class='ocrx_word' id='word_1_314' title='bbox 728 4149 855 4213; x_wconf 84' lang='lat' dir='ltr'>eieetnnr</span> <span class='ocrx_word' id='word_1_315' title='bbox 887 4146 964 4230; x_wconf 83' lang='lat' dir='ltr'>esse,</span> <span class='ocrx_word' id='word_1_316' title='bbox 997 4150 1104 4232; x_wconf 68' lang='lat' dir='ltr'>ripen,</span> <span class='ocrx_word' id='word_1_317' title='bbox 1137 4149 1263 4232; x_wconf 66' lang='lat' dir='ltr'>deripere,</span> 
     </span>
     <span class='ocr_line' id='line_1_39' title="bbox 134 4249 1263 4333; baseline -0.002 -19"><span class='ocrx_word' id='word_1_318' title='bbox 134 4253 264 4333; x_wconf 73' lang='lat' dir='ltr'>incisor,</span> <span class='ocrx_word' id='word_1_319' title='bbox 295 4271 439 4333; x_wconf 74' lang='lat' dir='ltr'>rneryere,</span> <span class='ocrx_word' id='word_1_320' title='bbox 468 4252 565 4332; x_wconf 80' lang='lat' dir='ltr'>recipi</span> <span class='ocrx_word' id='word_1_321' title='bbox 590 4249 657 4313; x_wconf 91' lang='lat' dir='ltr'>und</span> <span class='ocrx_word' id='word_1_322' title='bbox 685 4251 737 4314; x_wconf 87' lang='lat' dir='ltr'>bei</span> <span class='ocrx_word' id='word_1_323' title='bbox 765 4249 925 4314; x_wconf 89' lang='lat' dir='ltr'>Dichtern</span> <span class='ocrx_word' id='word_1_324' title='bbox 953 4252 1084 4331; x_wconf 79' lang='lat' dir='ltr'>deditus,</span> <span class='ocrx_word' id='word_1_325' title='bbox 1113 4252 1263 4328; x_wconf 64' lang='lat' dir='ltr'>coniectus</span> 
     </span>
    </p>
   </div>
   <div class='ocr_carea' id='block_1_3' title="bbox 135 4347 1263 4540">
    <p class='ocr_par' dir='ltr' id='par_1_7' title="bbox 135 4347 1263 4540">
     <span class='ocr_line' id='line_1_40' title="bbox 135 4347 1263 4435; baseline -0.006 -16"><span class='ocrx_word' id='word_1_326' title='bbox 135 4355 252 4435; x_wconf 82' lang='lat' dir='ltr'>effnsns</span> <span class='ocrx_word' id='word_1_327' title='bbox 275 4376 299 4416; x_wconf 87' lang='lat' dir='ltr'>s.</span> <span class='ocrx_word' id='word_1_328' title='bbox 322 4351 375 4416; x_wconf 90' lang='lat' dir='ltr'>bei</span> <span class='ocrx_word' id='word_1_329' title='bbox 398 4351 498 4415; x_wconf 90' lang='lat' dir='ltr'>Hand</span> <span class='ocrx_word' id='word_1_330' title='bbox 521 4353 552 4416; x_wconf 90' lang='lat' dir='ltr'>S.</span> <span class='ocrx_word' id='word_1_331' title='bbox 575 4347 752 4416; x_wconf 80' lang='grc'>294-296.</span> <span class='ocrx_word' id='word_1_332' title='bbox 798 4351 908 4417; x_wconf 85' lang='lat' dir='ltr'>Ucber</span> <span class='ocrx_word' id='word_1_333' title='bbox 930 4353 983 4416; x_wconf 91' lang='lat' dir='ltr'>dic</span> <span class='ocrx_word' id='word_1_334' title='bbox 1005 4351 1117 4416; x_wconf 89' lang='lat' dir='ltr'>Verba</span> <span class='ocrx_word' id='word_1_335' title='bbox 1139 4361 1263 4416; x_wconf 82' lang='lat' dir='ltr'>setren</span> 
     </span>
     <span class='ocr_line' id='line_1_41' title="bbox 135 4453 1262 4540; baseline -0.006 -20"><span class='ocrx_word' id='word_1_336' title='bbox 135 4454 202 4520; x_wconf 92' lang='lat' dir='ltr'>und</span> <span class='ocrx_word' id='word_1_337' title='bbox 224 4454 373 4519; x_wconf 86' lang='lat' dir='ltr'>stellen</span> <span class='ocrx_word' id='word_1_338' title='bbox 395 4477 421 4517; x_wconf 85' lang='lat' dir='ltr'>s.</span> <span class='ocrx_word' id='word_1_339' title='bbox 444 4453 502 4523; x_wconf 85' lang='lat' dir='ltr'>Nr.</span> <span class='ocrx_word' id='word_1_340' title='bbox 526 4453 563 4540; x_wconf 80' lang='lat' dir='ltr'>O,</span> <span class='ocrx_word' id='word_1_341' title='bbox 587 4455 615 4516; x_wconf 92' lang='lat'>1.</span> <span class='ocrx_word' id='word_1_342' title='bbox 659 4453 814 4518; x_wconf 91' lang='lat' dir='ltr'>Manches</span> <span class='ocrx_word' id='word_1_343' title='bbox 837 4453 933 4518; x_wconf 84' lang='lat' dir='ltr'>liesse</span> <span class='ocrx_word' id='word_1_344' title='bbox 962 4455 1031 4519; x_wconf 86' lang='lat' dir='ltr'>sich</span> <span class='ocrx_word' id='word_1_345' title='bbox 1059 4455 1142 4517; x_wconf 91' lang='lat' dir='ltr'>noch</span> <span class='ocrx_word' id='word_1_346' title='bbox 1166 4453 1262 4517; x_wconf 80' lang='lat' dir='ltr'>hinnu·</span> 
     </span>
    </p>
   </div>
   <div class='ocr_carea' id='block_1_4' title="bbox 0 0 1430 5002">
    <p class='ocr_par' dir='ltr' id='par_1_8' title="bbox 0 0 1430 5002">
     <span class='ocr_line' id='line_1_42' title="bbox 0 0 1430 5002; baseline 0 0"><span class='ocrx_word' id='word_1_347' title='bbox 0 0 1430 5002; x_wconf 95' lang='lat' dir='ltr'> </span> 
     </span>
    </p>
   </div>
  </div>
 </body>
</html>
