2850 5002
605 296 812 360 „55-

136 467 249 532 Siculis
291 469 324 529 et
371 464 493 528 civibus
530 463 685 528 Romanis
729 467 852 549 erepta:
900 464 1037 548 primum
1079 485 1156 528 selue
1172 452 1174 456 ⁵
1189 462 1268 548 leges

138 570 192 650 (=
215 589 288 644 suas
310 567 400 651 leges⁴
420 565 621 649 amiserunt).
646 565 684 628 ad
708 567 777 628 Att.
802 567 831 649 6,
854 566 921 649 2,7
944 586 1009 628 non
1032 564 1140 628 destiti
1163 585 1268 648 rogare

136 672 170 732 et
197 670 304 751 petere
333 688 404 730 mea
431 688 541 749 causa,
570 665 702 730 suadere
730 668 762 729 et
782 665 904 730 hortari
927 687 992 729 sua.
1019 703 1054 712 -·
1079 663 1211 748 Lin'l,
1231 665 1268 729 22

138 768 358 853 Campani-
381 779 466 830 cum·
483 767 595 830 robore
617 767 790 831 iuventutis
813 789 889 831 suae
912 767 1016 831 acciso
1038 765 1128 829 nulla
1150 766 1268 849 propin·

137 892 199 954 qua
233 891 306 953 spes
342 870 442 950 esset,
477 867 578 932 coacti
611 870 686 931 sunt
717 868 756 932 ab
784 867 938 932 Romanis
972 869 1081 951 petere
1117 865 1265 930 auxilium

55 973 61 992 '
137 973 188 1054 37,
224 971 263 1034 12
301 969 411 1034 multis
447 968 607 1032 nobilibus
646 969 762 1033 secutis
799 969 884 1032 inter
918 970 1022 1032 cetera
1056 966 1268 1031 auctoritatem

141 1071 347 1149 Pausistrati,
377 1090 458 1153 quae
480 1069 564 1133 inter
585 1090 659 1132 suos
681 1069 795 1134 merito
817 1069 956 1133 maxima
978 1070 1054 1132 erat.
1099 1089 1149 1151 cp.
1171 1067 1209 1130 41
1227 1067 1268 1130 si«

141 1175 279 1236 armatas
303 1170 498 1255 ‚quadrigas
536 1169 609 1254 quia
641 1208 682 1218 —
715 1192 772 1254 per
814 1192 887 1234 suos
924 1169 1068 1254 agendae
1104 1176 1208 1250 erant,
1235 1167 1268 1231 i·

139 1274 242 1357 prima
271 1272 337 1336 acie
368 1272 528 1335 locaverat
555 1293 619 1334 rex.
642 1272 694 1352 38,
719 1272 740 1334 2
770 1293 841 1335 cum
869 1271 989 1335 duobus
1018 1269 1160 1333 millibus
1182 1268 1266 1332 elle

139 1396 264 1455 naeum,
289 1372 372 1457 quod
394 1392 492 1436 unum
515 1393 533 1435 a
554 1371 712 1455 praesidio
735 1394 792 1436 suo
814 1375 973 1436 retentum
989 1373 1103 1454 fuerat,
1125 1368 1268 1453 pervenit

142 1476 192 1557 39,
216 1475 258 1539 55
280 1473 363 1557 quod
387 1493 461 1536 vero
483 1472 579 1536 etiam
601 1493 658 1536 sua
678 1472 875 1536 reddiderint
898 1473 977 1558 (scil.
994 1472 1059 1556 iis).
1086 1470 1171 1547 Son.
1193 1471 1268 1534 brev

140 1577 195 1639 vit.
228 1575 277 1658 16,
300 1574 321 1638 2
349 1577 383 1638 at
410 1573 489 1636 illud
516 1575 653 1657 tempus,
683 1573 767 1657 quod
798 1578 922 1656 amant,
951 1573 1045 1637 breve
1068 1575 1118 1636 est
1139 1573 1171 1634 et
1191 1593 1268 1655 prae

141 1698 216 1760 ceps
238 1677 426 1759 breviusque
449 1674 549 1738 multo
572 1674 609 1736 fit
629 1695 686 1737 suo
710 1675 745 1759 (i.
770 1697 795 1739 e.
820 1674 1008 1759 amantium)
1031 1674 1121 1738 vitio,

224 1777 259 1860 lr)
281 1777 367 1843 Suos
406 1776 450 1839 im
483 1775 682 1860 Gegensatze
719 1798 757 1838 zu
798 1777 937 1859 alienos,
977 1775 1127 1839 bedeutet
1158 1773 1268 1859 „eigen

141 1877 366 1961 zukommend,
395 1875 548 1960 passand,
576 1875 741 1959 giinstig.“
785 1875 912 1940 Plaut.
942 1875 1028 1940 Men.
1057 1875 1139 1960 prol.
1171 1875 1207 1938 19
1230 1874 1268 1938 it:

142 1981 245 2042 l'orma
281 1978 377 2042 simili
407 1977 512 2061 pueri,
553 1966 605 2040 uti
633 1979 734 2041 mater
767 1979 824 2041 sua
858 1998 923 2040 non
956 1977 1134 2041 internosse
1163 1975 1268 2060 possed

141 2080 230 2143 Trio.
255 2080 284 2162 2,
307 2078 337 2163 2,
360 2079 402 2144 34
430 2099 492 2141 neu
520 2100 611 2142 suum
639 2078 812 2142 adimerem
841 2078 944 2142 alteri.
972 2084 1008 2124 —'
1033 2077 1137 2143 Cato.
1169 2099 1193 2142 r.
1213 2099 1234 2141 r.
1266 2080 1268 2095 '

139 2183 177 2244 'in
205 2180 316 2244 eodem
344 2178 444 2243 fundo
466 2200 558 2242 suum
580 2179 731 2263 quidquid
754 2180 879 2244 conseri
901 2181 1026 2263 oportet
1049 2178 1164 2263 („alles
1186 2176 1268 2242 dahi]

146 2281 350 2366 passende“).
387 2302 436 2363 cp.
467 2279 508 2344 33
535 2279 684 2345 salictum
711 2303 768 2345 suo
796 2283 939 2364 tempore
967 2279 1100 2344 caedito.
1124 2280 1166 2344 48
1190 2298 1268 2344 suun

145 2381 296 2465 quidquid
325 2402 427 2465 genus
455 2379 610 2446 talearum
638 2382 744 2446 serite.
768 2420 806 2429 -
831 2381 915 2446 (lic.
944 2381 1009 2445 inv.
1038 2381 1070 2465 2,
1091 2381 1134 2445 49
1156 2399 1268 2463 operat

144 2483 218 2546 dare
247 2485 283 2546 ut
309 2503 367 2544 sua
397 2481 448 2544 lex
469 2481 539 2565 ipso
561 2482 680 2567 scripto
702 2482 845 2547 videatur
866 2482 938 2546 niti.
963 2481 1043 2546 Sest.
1067 2481 1108 2545 68
1129 2480 1213 2546 hunc
1232 2500 1268 2546 su

147 2582 230 2646 cives
264 2575 289 2645 e‘
314 2581 443 2645 civitate
478 2583 646 2647 eiecerunt.
681 2605 712 2648 n.
741 2583 771 2651 d.
800 2585 831 2667 3,
864 2585 902 2649 15
933 2605 1014 2667 quae
1048 2605 1140 2646 suum
1174 2583 1268 2666 cuiqu

144 2681 317 2746 distribuit.
356 2683 412 2745 fin.
445 2683 476 2766 5,
511 2683 541 2766 9,
575 2683 617 2748 25
661 2705 718 2748 sua
762 2684 912 2769 cuiusque
959 2683 1130 2748 animantis
1171 2688 1268 2748 natur

86 2821 87 2824 =
146 2786 204 2848 est.
234 2787 263 2865 5.
287 2783 328 2847 26
351 2783 518 2847 scientiam
548 2787 655 2849 autern
683 2807 772 2849 suam
796 2786 945 2869 cuiusque
967 2785 1044 2849 artis
1067 2806 1146 2850 esse.
1191 2783 1268 2849 ltose

145 2887 219 2948 Am.
251 2885 290 2948 18
313 2905 386 2948 suos
414 2885 499 2948 enim
527 2906 622 2970 agros
650 2887 789 2951 studiose
811 2887 974 2970 colebant,
999 2907 1065 2949 non
1089 2887 1211 2951 alienos
1231 2905 1268 2970 af

47 3063 52 3079 .
148 2986 312 3070 petebant.
339 3023 381 3055 ,-
411 2984 506 3049 Sall.
529 2985 597 3051 Oat.
621 2987 662 3052 35
691 2988 755 3051 suis
778 2986 923 3071 filiaeque
947 2987 1055 3071 copiis.
1100 2987 1171 3073 lug.
1193 2989 1268 3054 54⁶

145 3087 200 3170 qui
229 3109 286 3151 sua
313 3077 381 3150 loca
415 3089 469 3172 (ς
498 3087 560 3151 sibi
593 3089 785 3174 opportuna)
821 3088 988 3152 defendere
1023 3089 1221 3172 nequiverat,
1248 3089 1263 3152 i

146 3188 261 3251 alienis
290 3187 407 3251 bellum
435 3209 556 3273 gerere.
585 3189 625 3254 61
653 3211 754 3273 neque
781 3189 975 3274 Jugurtham
1004 3189 1067 3252 nisi
1096 3211 1134 3253 ex
1163 3186 1268 3255 insidii

93 3346 97 3353 .
145 3291 203 3352 aut
233 3309 290 3351 suo
318 3288 389 3351 loco
416 3307 558 3373 pugnam
585 3290 700 3354 facere.
723 3291 765 3355 66
794 3290 988 3355 communire
1010 3311 1083 3354 suos
1107 3291 1204 3356 locos.
1245 3289 1268 3356 I.

146 3389 267 3453 diesem
288 3387 387 3454 Sinne
409 3389 579 3474 allgemein
594 3389 834 3475 gebrtiuchlich:
857 3411 912 3456 sao
927 3393 1001 3471 loce,
1023 3397 1166 3474 tempere,
1190 3413 1268 3459 antu

148 3493 228 3554 lare.
254 3526 288 3536 -
314 3488 392 3553 Liv.
415 3490 467 3574 22,
491 3493 533 3557 39
560 3513 661 3576 neque
689 3492 848 3556 occasioni
870 3495 944 3557 tuae
966 3492 1050 3556 desis
1072 3515 1176 3577 neque
1199 3514 1268 3559 sual

147 3587 345 3680 occasionem
375 3589 461 3654 hosti
488 3591 553 3656 des.
576 3593 628 3676 23,
650 3593 690 3656 41
720 3596 871 3677 aestuque
894 3616 950 3658 suo
975 3594 1030 3678 (=
1053 3595 1208 3680 secundo)
1230 3596 1268 3660 In

150 3712 222 3755 cros
251 3691 385 3755 traiecit.
409 3691 439 3776 4,
464 3693 481 3756 7
511 3714 568 3757 sua
590 3697 736 3777 tempora
759 3697 950 3779 exspectare.
973 3695 1025 3778 42,
1047 3695 1089 3759 43
1111 3717 1169 3760 suo
1192 3715 1268 3762 max

47 3824 51 3842 κ
148 3814 199 3855 me
232 3795 374 3876 tempore
406 3796 439 3857 et
472 3793 576 3858 alieno
609 3793 764 3859 hostibus.
797 3795 853 3874 33,
886 3795 928 3859 26
962 3817 1018 3858 suo
1052 3797 1182 3862 nomine
1213 3818 1268 3884 „au

149 3892 262 3977 eigene
292 3892 424 3957 Faust.“
451 3895 481 3978 3,
511 3895 552 3960 62
586 3917 643 3958 suo
672 3887 839 3979 alienoque
866 3895 969 3959 Marte
997 3918 1152 3981 pugnare.
1204 3900 1268 3966 Ser

149 3993 240 4059 clem.
272 3994 300 4077 1,
322 3994 373 4079 26,
399 3995 615 4080 lsaliquando
643 4017 701 4060 sua
728 3996 887 4079 praesidia
914 3998 947 4060 in
975 3998 1061 4080 ipsos
1085 4020 1268 4066 consurreru

151 4097 239 4162 runt.
262 4095 291 4175 2,
315 4097 345 4179 6,
367 4097 388 4159 2
408 4097 580 4180 tranquilla
601 4100 708 4161 mente
731 4105 763 4161 et
784 4098 872 4161 vultu
892 4118 960 4162 suo.
986 4139 1023 4147 —
1047 4099 1095 4162 Im
1111 4096 1268 4184 Spdtlatei

149 4195 228 4281 geht
258 4218 332 4261 man
361 4196 465 4262 hierin
495 4218 529 4261 so
556 4199 645 4282 weit,
674 4199 747 4262 dass
769 4198 820 4263 die
842 4198 1032 4284 Bedeutung
1054 4222 1118 4263 von
1140 4223 1219 4269 suas
1240 4223 1268 4267 a

149 4296 331 4362 Pronomen
354 4298 409 4362 der
430 4297 550 4362 dritten
564 4298 685 4364 Person
707 4299 844 4385 ignorirt
865 4300 954 4382 wird,
978 4299 1063 4364 denn
1079 4300 1130 4366 die
1145 4303 1268 4368 Juriue

151 4418 251 4483 sagon
273 4419 359 4464 meos
380 4420 466 4465 sous.
490 4398 565 4484 Vgl.
589 4399 663 4486 Dig.
690 4401 742 4484 46,
765 4401 795 4485 2,
819 4402 861 4467 20
882 4402 910 4467 si
932 4394 980 4466 sui
1003 4401 1081 4466 iuris
1103 4425 1221 4471 sumus.
