2850 5002
668 304 875 383 ,18-

205 471 393 555 folgenden:
421 470 448 533 si
470 471 578 535 omnia
600 470 777 554 nudavero)
799 470 851 552 42,
876 470 918 532 24
940 469 967 533 si
991 468 1111 552 aliquid
1133 472 1266 552 possent
1283 471 1335 554 42,

206 574 246 635 37
274 573 300 634 ai
329 571 466 655 aliquem
494 574 671 654 respectum
694 571 851 634 amicitiae
874 591 946 633 eum
979 568 1095 634 habere
1124 572 1270 635 cerneret.
1296 609 1335 617 —
1417 594 1423 653 ‚ff

207 673 350 737 Petron
379 673 419 735 93
448 693 523 735 narn
551 672 578 734 si
600 671 713 755 aliquis
736 694 773 736 ex
796 672 846 735 iis.
869 671 911 735 45
932 674 968 734 tu
990 671 1017 733 si
1033 671 1152 735 alieubi
1174 671 1276 735 fueris.
1294 710 1342 719 -

207 774 291 839 Son.
315 774 370 836 vit.
394 773 423 836 b.
443 774 491 855 15,
517 774 531 834 1
556 772 583 834 si
596 771 712 855 aliquid
729 772 851 835 viderit.
867 810 908 819 —
923 771 1009 836 Tae.
1033 771 1063 835 d.
1086 772 1127 835 41
1152 772 1235 855 quod
1254 773 1277 835 si
1288 771 1342 834 in·
1419 796 1423 835 ·.

207 875 368 939 veniretur
401 873 506 957 aliqua
533 873 657 936 civitas.
691 871 722 936 h.
746 872 776 955 2,
800 874 841 937 32
863 872 959 936 etiarn
991 873 1019 935 si
1046 872 1218 957 aliquando
1239 873 1345 936 obum·
1393 884 1423 907 '·

208 977 349 1060 brentur,
394 973 488 1038 Fehlt
509 974 543 1036 in
558 972 620 1037 den
634 973 794 1057 Annalen,
816 974 861 1037 im
875 973 1029 1058 Agricola
1051 973 1116 1037 und
1138 974 1174 1037 in
1195 973 1250 1039 der
1268 972 1346 1038 Ger·
1421 1030 1423 1034 .

208 1077 325 1141 mania.
355 1113 392 1121 —
422 1073 589 1148 Quintil.
617 1076 664 1153 10,
681 1075 746 1157 6,5
768 1074 794 1138 si
817 1074 899 1138 forte
922 1073 1099 1157 aliquis-
1127 1072 1348 1158 extemporalia
1421 1073 1423 1133 ἶ

209 1179 304 1241 calor.
333 1213 372 1224 -
402 1174 549 1258 Spitere:
573 1175 675 1259 Capit.
700 1175 797 1238 Gord.
823 1176 862 1239 12
885 1175 912 1238 si
934 1175 1016 1239 forte
1038 1175 1145 1259 aliqua
1167 1175 1224 1239 vis.
1239 1175 1348 1254 Lamp.

208 1278 337 1360 Heliog.
360 1276 411 1339 29.
435 1277 485 1340 33.
510 1276 601 1340 Alex.
624 1275 694 1340 Sev.
716 1276 768 1340 23.
792 1275 843 1338 29.
867 1275 971 1360 Spart.
993 1275 1094 1339 Hadr.
1120 1277 1157 1340 ll
1186 1275 1213 1339 si
1233 1271 1351 1339 alicubi

210 1380 304 1462 (statt
337 1379 391 1442 des
424 1380 515 1440 sonst
547 1376 815 1461 gebrtiuehliehen
841 1379 966 1461 sicubi).
1020 1377 1109 1441 Laet.
1136 1375 1167 1459 2,
1197 1378 1246 1458 11,
1272 1375 1292 1439 9
1322 1370 1354 1434 si

211 1479 390 1542 consideret
403 1478 527 1562 aliquis.
544 1478 575 1560 3,
594 1479 642 1561 18,
659 1480 677 1542 7
694 1477 720 1540 si
735 1477 783 1540 via
799 1477 904 1561 aliqua
918 1479 1084 1542 inferatur.
1100 1478 1132 1560 3,
1148 1477 1201 1560 20,
1217 1478 1237 1540 6
1251 1469 1354 1562 quid‘l

211 1581 237 1643 si
258 1579 377 1663 aliquid
398 1579 590 1661 investigare
611 1581 751 1662 possent.
774 1579 804 1658 3,
827 1579 879 1661 29,
911 1582 948 1643 ll
983 1580 1078 1642 etiarn
1111 1579 1139 1641 si
1172 1579 1215 1642 sit
1247 1577 1360 1658 aliqua

211 1680 330 1764 („aueh
362 1700 455 1743 wenn
487 1679 633 1743 wirklich
666 1681 736 1743 eine
758 1680 920 1764 existirt“)
943 1681 974 1763 6,
999 1682 1047 1760 11,
1069 1682 1090 1744 5
1113 1680 1180 1743 und
1200 1679 1293 1743 iifter.

294 1779 510 1864 Nothwendig
542 1781 585 1843 ist
618 1781 673 1844 der
706 1780 874 1846 Gebraueh
907 1781 963 1845 der
997 1782 1149 1846 betonten
1182 1773 1367 1844 indefinita

210 1885 331 1963 aliquot
352 1882 416 1946 und
439 1883 603 1962 aliquoties
624 1882 659 1945 in
678 1881 768 1965 jeder
782 1883 845 1946 Art
860 1882 915 1947 dea
930 1882 1158 1965 Nebensatzes,
1184 1881 1256 1952 weil
1270 1876 1369 1943 hier·

210 2005 272 2047 von
304 1983 354 2046 die
387 1984 536 2046 tenlosen
558 1981 696 2046 Formen
732 1982 926 2069 (chaerili)
958 1982 1049 2047 nicht
1081 1983 1246 2051 existiren.
1283 1974 1372 2043 Cic·

211 2085 302 2149 Tuae.
326 2085 356 2167 3,
379 2083 421 2147 22
445 2084 471 2146 si
493 2084 616 2167 aliquot
638 2084 731 2147 annis
753 2088 837 2167 post.

294 2183 386 2250 Naeh
408 2186 489 2248 nisi:
511 2184 576 2250 Cic.
599 2205 665 2267 rep.
689 2186 718 2268 3,
744 2186 783 2249 12
804 2185 867 2249 nisi
888 2185 1007 2270 aliquid
1024 2185 1063 2249 de
1078 2184 1184 2250 alieno
1200 2175 1375 2249 accessis·

212 2290 269 2350 aet.
291 2286 343 2350 off.
366 2286 440 2368 3,7
473 2285 535 2348 nisi
568 2285 666 2369 aliqui
701 2307 802 2350 casus.
835 2309 866 2369 p.
891 2285 1009 2351 Scauro
1042 2290 1073 2368 §-
1096 2287 1139 2351 34
1171 2286 1235 2349 nisi
1267 2285 1382 2349 hunc

214 2388 319 2470 aliquo
348 2389 404 2450 aut
430 2389 517 2449 metu
544 2389 600 2449 aut
621 2386 756 2450 infamia
776 2387 974 2470 perculisset.
998 2390 1092 2451 Auct.
1116 2386 1157 2450 ad
1179 2386 1257 2451 Her.
1278 2384 1320 2463 4,
1369 2368 1383 2430 3

213 2489 274 2552 nisi
308 2486 427 2571 aliquid
461 2486 587 2551 scribat.
620 2525 662 2534 —
694 2487 789 2552 Fehlt
819 2489 869 2551 bei
903 2486 1068 2570 Caesar,
1102 2487 1257 2553 Sallust
1290 2465 1385 2547 und

213 2589 386 2653 'recitas
437 2586 505 2651 niv.
528 2589 578 2672 39,
601 2589 643 2654 25
664 2589 727 2653 nisi
748 2589 935 2673 provideant
962 2589 1090 2673 aliquid.
1116 2589 1199 2672 Nep.
1222 2589 1321 2653 nan
1352 2568 1388 2683 ξ,

211 2692 232 2753 2
246 2690 309 2753 nisi
324 2688 418 2753 alicui
434 2711 560 2754 suorum
572 2693 736 2774 negotium
751 2691 849 2755 daret.
873 2690 992 2754 Patron
1012 2691 1071 2754 140
1081 2690 1144 2754 nisi
1163 2712 1220 2774 spe
1235 2665 1390 2772 aliquld

212 2791 403 2855 morderent.
433 2789 505 2855 Son.
535 2793 589 2856 vit.
619 2792 649 2856 b.
680 2794 728 2869 13,
751 2792 772 2855 4
798 2793 860 2855 nisi
892 2791 1007 2875 aliquis
1030 2790 1219 2855 distinxerit.
1244 2790 1392 2855 Lamn-

212 2893 263 2957 Al.
287 2891 357 2956 Ser.
380 2892 430 2956 26.
446 2892 534 2957 Laot.
557 2894 587 2977 6,
612 2894 641 2976 8,
663 2893 683 2957 3
705 2893 768 2957 nisi
791 2893 919 2976 aliquod
943 2891 1022 2956 caeli
1044 2892 1152 2957 lumen
1174 2870 1395 2957 observent·

213 2995 242 3075 7,
265 2993 317 3076 21,
341 2995 361 3058 3
388 2994 451 3057 nisi
473 2995 605 3059 alicuius
633 2994 783 3057 materiae
805 2994 918 3057 fomite
941 2993 1053 3058 alatur.
1077 2994 1107 3077 2,
1133 2994 1181 3078 12,
1206 2995 1256 3057 14.
1365 3070 1380 3083 .

296 3093 390 3160 Naeh
427 3097 495 3159 sin:
535 3094 599 3160 Cic.
634 3095 696 3159 inv.
728 3095 759 3176 2,
789 3097 809 3159 3
848 3095 898 3158 sin
935 3098 1043 3159 autem
1080 3098 1199 3159 temere
1232 3063 1401 3178 aliquud

212 3196 413 3279 praeteriisse
446 3234 485 3243 —
520 3195 706 3258 videbimur.
739 3197 780 3259 57
804 3197 854 3259 sin
886 3196 1010 3280 aliquae
1043 3217 1103 3259 res.
1137 3194 1230 3260 Tuae.
1258 3196 1290 3277 4,
1344 3163 1408 3237 34

213 3297 389 3359 sinautem
418 3299 467 3359 est
494 3295 607 3378 aliquis
630 3315 728 3379 amor.
759 3296 797 3361 de
820 3318 866 3360 or.
890 3298 920 3380 3,
941 3298 982 3362 33
1004 3298 1054 3361 sin
1075 3296 1192 3381 aliquis
1216 3267 1409 3359 excellil·

213 3396 299 3460 Lael.
325 3397 362 3460 17
387 3397 437 3459 sin
459 3399 552 3459 erunt
574 3396 670 3480 aliqui
685 3398 813 3479 reperti.
835 3397 875 3461 21
900 3399 950 3461 sin
972 3399 1037 3462 tale
1060 3397 1180 3482 aliquid
1202 3367 1412 3481 evenefl}

213 3498 300 3560 acad.
324 3519 371 3581 pr.
394 3497 423 3576 2,
449 3498 485 3560 11
516 3498 565 3560 sin
589 3519 627 3560 ex
656 3498 938 3581 circumspectione
965 3499 1080 3581 aliqua.
1110 3500 1185 3562 fam.
1213 3499 1240 3581 1,
1264 3500 1281 3562 7
1324 3483 1416 3580 θῖῃ

213 3597 332 3681 aliquid
363 3600 445 3661 esset
476 3598 640 3662 offensum.
664 3600 737 3679 5,2
765 3599 942 3663 sinautem
970 3600 1098 3683 aliquid.
1127 3600 1158 3674 9,
1185 3598 1283 3681 22,4
1321 3583 1419 3650 5¹¹¹

214 3699 252 3762 de
268 3699 397 3763 Aurelia
419 3698 537 3782 aliquid
553 3702 609 3762 aut
623 3700 735 3764 Lollia.
760 3701 809 3782 11,
837 3700 874 3763 18
897 3701 947 3764 sin
968 3700 1086 3784 aliquid
1108 3700 1233 3763 virium.
1260 3699 1329 3779 12,
1383 3663 1420 3730 9

214 3799 330 3864 Matius
352 3823 401 3882 ap.
425 3798 490 3864 Gie.
514 3801 590 3864 farn.
617 3803 666 3884 11,
687 3802 739 3883 28,
763 3801 782 3864 8
806 3801 855 3864 sin
876 3823 967 3866 casus
991 3801 1104 3886 aliquis
1133 3765 1420 3883 interpellasti·

124 3977 127 3983 Ι
214 3900 305 3983 Nep.
332 3902 378 3984 18,
401 3902 430 3980 6,
453 3902 473 3964 2
501 3903 552 3965 sin
580 3903 685 3987 aliqua
714 3901 887 3985 eupiditate
909 3905 1083 3985 raperetur.
1107 3940 1148 3949 -
1170 3900 1239 3964 Das
1269 3902 1324 3962 1ο
1351 3887 1421 3994 ¹¹]

214 4003 299 4066 lose
329 4000 536 4066 Indefinitum
569 4002 693 4067 acheint
722 4001 804 4067 nach
837 4005 889 4067 sia
921 4004 1059 4067 seltener
1091 3988 1420 4067 vorzukommefl·

214 4104 279 4169 oe.
309 4102 390 4186 regg.
423 4106 448 4184 1,
481 4105 532 4168 n.
562 4105 629 4168 aa.
663 4105 712 4186 13,
740 4104 782 4166 aa
811 4104 863 4168 sn
892 4103 976 4189 qua.
1008 4104 1061 4168 off.
1084 4104 1115 4186 a,
1137 4103 1177 4166 21
1209 4104 1261 4166 sn
1282 4085 1420 4186 quss·

214 4204 252 4266 de
274 4224 319 4266 or.
343 4204 371 4280 3,
394 4204 436 4266 24
457 4204 508 4267 sin
530 4206 667 4288 quando.

298 4303 389 4368 Naelr
410 4307 493 4369 sice:
515 4304 580 4369 Oic.
604 4305 643 4368 de
665 4326 709 4369 or.
732 4306 762 4385 2,
787 4307 827 4370 72
849 4307 916 4370 aive
938 4308 1030 4390 plura
1052 4310 1128 4370 sunt
1144 4306 1210 4370 sive
1226 4302 1379 4387 aliqu0

201 4415 320 4470 unum.
366 4405 635 4469 (letariiuehlieher
657 4408 699 4469 iat
720 4406 789 4469 hier
811 4407 862 4471 die
885 4407 1009 4471 tonlose
1025 4407 1131 4471 Form.
1156 4406 1186 4474 8.
1211 4410 1240 4487 ἕ.
1255 4406 1307 4488 44,
1354 4372 1412 4443 3⁹
