2850 5002
641 311 871 376 -151-

112 454 114 459 ¹
196 464 268 546 lgr.
286 461 337 525 21.
359 482 473 525 manus
496 461 607 527 Germ.
623 462 675 525 44.
699 461 856 527 vexillum
879 473 1105 529 veteranorum
1127 488 1202 529 ann.
1226 467 1256 547 3,
1273 468 1323 531 21.

129 632 133 637 ,
199 564 255 627 ller
271 559 379 626 Plural
400 561 523 647 erfolgt
545 572 612 628 erst
632 563 665 629 in
689 564 793 629 einem
816 563 958 629 anderen
974 563 1088 629 Satze:
1113 588 1186 631 ann.
1215 567 1264 648 14,
1281 568 1322 631 30

130 712 136 725 .
206 664 269 729 oder
298 663 330 727 in
350 664 456 727 einem
477 664 638 749 Particip:
666 665 698 746 4,
721 665 763 729 29
785 666 1014 730 minitantium.
1060 665 1098 729 In
1126 667 1184 731 der
1212 667 1322 731 auffal-

208 764 305 829 lenden
317 762 546 833 construction
568 788 644 829 ann.
670 765 720 847 14,
742 765 784 829 26
806 788 881 853 pars
902 766 1077 831 Armeniae
1100 776 1155 831 ctt.
1178 790 1255 853 mag
1270 770 1322 833 ein

210 862 306 929 lehler
332 866 477 930 steeken.
520 865 597 951 Vgl.
627 866 681 930 die
708 866 919 952 Bemerkung
947 868 980 930 in
1010 868 1134 931 meincr
1154 869 1320 954 Ausgabe.

148 1020 151 1029 .
213 1006 243 1013 —
259 964 351 1049 Nepos
380 967 429 1049 13,
449 963 484 1059 2,
509 968 525 1031 1
555 987 680 1047 eorum,
709 966 882 1053 beuliglieh
911 968 970 1035 auf
989 966 1257 1055 Peloponnesum.
1280 1010 1321 1020 —

112 1082 121 1125 e
215 1065 281 1131 Flor.
299 1066 327 1148 4,
350 1067 399 1148 12,
421 1068 465 1133 50
492 1090 592 1155 seque
618 1090 695 1154 pars
725 1069 829 1134 maior
856 1092 876 1133 a
898 1070 1088 1155 captivitate
1112 1108 1153 1117 -
1175 1071 1320 1137 vindiea-

112 1186 121 1203 ··
216 1178 313 1236 verunt.
353 1168 523 1233 incorrect
553 1168 597 1234 ist
624 1169 656 1250 3,
686 1170 717 1252 3,
747 1170 785 1233 18
814 1168 1045 1253 Tigurinorum
1074 1193 1189 1235 manus
1217 1209 1260 1218 —
1287 1174 1320 1237 in

215 1266 316 1333 diversa
334 1268 434 1355 lapsi,
456 1268 535 1353 fuga
558 1268 697 1353 ignobili
724 1278 757 1333 et
778 1267 956 1335 latrociniis
985 1272 1128 1336 evanuit.
1151 1311 1193 1320 —
1216 1273 1319 1340 Just.

112 1402 123 1407 -
213 1366 252 1448 38,
272 1369 289 1433 3
307 1378 341 1433 ut
361 1380 497 1456 uterquc
518 1354 744 1433 restituantur.
771 1371 824 1452 41,
849 1370 868 1434 6
891 1372 1002 1455 magni
1024 1381 1159 1457 uterque
1182 1374 1255 1437 viri.
1281 1411 1318 1422 -

112 1498 122 1507 -
213 1466 385 1552 1111119,
408 1470 448 1534 12
471 1469 557 1557 quod
580 1471 716 1555 quisque
738 1469 881 1536 familiae
903 1474 1123 1559 pecuniaeque
1144 1472 1319 1540 habebant.

112 1616 116 1621 .
211 1569 314 1653 11,18,
342 1572 383 1635 16
416 1572 504 1657 apud
531 1580 658 1635 veteres
681 1572 885 1658 Aegyptios,
914 1573 999 1658 quod
1024 1595 1123 1656 potera
1155 1575 1319 1639 hominum

112 1696 115 1705 =
208 1680 311 1736 constan
330 1673 410 1737 etin
425 1672 551 1738 artibus
566 1672 768 1758 reperiendis
784 1673 931 1738 sollertes
953 1673 1055 1738 fuisse
1071 1686 1103 1740 ot
1118 1713 1156 1722 —
1174 1698 1319 1761 sagaces.

205 1802 239 1815 -
260 1772 450 1860 Apulejus
479 1782 562 1839 aetat
591 1774 676 1838 efter
703 1776 832 1855 quantoe
859 1776 919 1838 mit
946 1774 1019 1837 dom
1049 1774 1177 1858 Plural,
1205 1799 1317 1862 sogar:

203 1876 394 1956 alimentaque
416 1875 610 1963 -territus
636 1912 670 1921 —
697 1885 892 1938 concurrunt
919 1884 995 1939 niet.
1023 1876 1054 1958 4,
1086 1878 1134 1939 10.
1179 1879 1317 1942 Ausscr-

146 1982 149 1989 '
201 1965 374 2057 111119
396 1973 535 2060 populus
558 1984 697 2057 aestuat,
720 1975 852 2038 diversa
874 1976 1053 2042 tendentes.
1076 1977 1108 2058 4,
1131 1980 1152 2041 2
1174 2000 1254 2063 quos
1277 2016 1319 2026 -

198 2067 301 2155 l'ulgus
322 2074 490 2140 indoctum
512 2097 602 2140 rosas
625 2074 753 2140 laureas
782 2075 958 2162 appellant.
988 2075 1057 2140 flor.
1086 2080 1098 2140 1
1123 2080 1317 2144 11122111-

195 2168 522 2241 11111111111111111111
546 2187 622 2242 sunt
642 2188 740 2263 atque
763 2179 944 2262 epulantur.
972 2214 1010 2223 —
1035 2178 1170 2244 Tertull.
1198 2202 1318 2245 resurr.

192 2263 228 2331 44
245 2277 387 2342 membra
409 2278 596 2343 ulterutram
618 2300 737 2341 sumus.
767 2278 858 2343 Lact.
883 2280 933 2342 ira
954 2279 1019 2343 Dei
1043 2281 1090 2358 13,
1119 2281 1156 2344 14
1177 2282 1316 2347 invicem

190 2365 245 2433 eibi
272 2377 463 2443 alterutrum
491 2400 618 2444 conexa
646 2388 731 2441 sunt.
776 2378 819 2443 So
848 2380 902 2444 bei
930 2381 1075 2466 Cypriam
1103 2382 1170 2445 und
1199 2382 1232 2445 in
1261 2383 1318 2446 der

189 2463 338 2561 Vulgata,
375 2478 468 2543 mehr
494 2479 586 2563 gicht
612 2479 776 2544 Muncker
803 2481 844 2544 ad
872 2480 1024 2565 Fulgent.
1055 2484 1070 2544 1
1099 2504 1131 2567 p.
1159 2482 1196 2546 8.·
1218 2481 1247 2551 9,
1279 2522 1315 2530 -

187 2562 317 2655 Capitol.
332 2579 444 2645 Ver.4
467 2580 728 2646 ministrantibus
751 2580 814 2644 sibi
837 2583 924 2646 omni
945 2604 1064 2666 genere
1087 2583 1229 2669 turpium
1245 2608 1317 2670 per·

112 2686 117 2735 ,ν
185 2684 343 2762 sonarum,
366 2704 433 2745 was
457 2679 596 2763 auffnllt,
624 2680 697 2746 weil
726 2681 796 2745 hier
825 2681 883 2745 der
904 2682 1016 2746 Plural
1043 2704 1148 2768 gegen
1176 2686 1228 2749 die
1252 2685 1316 2751 Go-

183 2770 345 2845 wohnheit
366 2782 557 2867 vorangeht.
600 2783 652 2846 ld.
677 2785 753 2850 Ant.
777 2783 835 2847 Ph.
859 2786 877 2848 7
900 2783 1075 2849 laudavere
1098 2795 1244 2870 uterquc.

260 2883 376 2961 §101
421 2882 530 2948 Wenn
557 2884 654 2948 zwei
683 2882 884 2970 Subjeete
913 2883 1102 2949 dasselbe
1125 2886 1316 2951 Prddicat

180 2959 296 3064 haben,
318 2982 388 3046 ihre
404 2983 599 3069 Thatigkeit
621 2985 702 3049 aber
722 2985 835 3049 nicht
856 2988 1117 3070 gemeinsanr,
1141 2987 1315 3050 sondern

177 3080 367 3148 tetrennt
382 3106 424 3147 nu
437 3084 569 3148 denken
581 3085 641 3166 ist,
664 3107 699 3149 so
713 3086 799 3150 steht
817 3109 905 3150 zuar
922 3087 966 3149 im
978 3085 1182 3150 klassischen
1197 3086 1315 3153 Latein

175 3179 404 3269 natIll-gemttss
427 3185 484 3250 der
507 3184 661 3270 Singular
682 3185 955 3268 desPrttdicates,
978 3187 1118 3252 Livius
1140 3190 1219 3253 aber
1241 3198 1316 3274 sagt

174 3265 291 3351 ⁸⁰h0n:
314 3284 476 3351 Palatium
498 3285 667 3367 Romulus,
690 3288 809 3352 Remus
832 3290 1032 3353 Aventinum
1055 3287 1106 3351 ad·
1119 3290 1314 3374 inauguran-

172 3358 252 3441 dum
276 3386 399 3473 ampla
426 3390 562 3470 apoto.
594 3389 642 3470 ro,
666 3389 706 3452 27
737 3388 886 3454 consules
909 3389 1026 3455 aava
1049 3400 1085 3454 ut
1108 3412 1150 3453 ex
1173 3391 1314 3474 aarum,

170 3458 344 3552 P0⁸tumio
371 3496 409 3552 ut
435 3509 477 3553 ex
498 3487 660 3555 Vaticano
690 3492 866 3555 exercitum
898 3527 935 3537 -
960 3493 1154 3570 conteneant,
1179 3530 1216 3540 —
1238 3493 1314 3558 seri-

168 3556 269 3679 ὴ11111.
312 3589 480 3653 'Pa-citus
503 3599 588 3653 setnt
603 3591 636 3654 in
652 3590 775 3654 diesem
791 3591 882 3655 Fallc
902 3591 1066 3657 durchaus
1082 3592 1145 3656 den
1161 3592 1311 3659 Plural:

166 3658 251 3752 ‘hal-
267 3690 310 3754 42
325 3712 387 3775 ego
409 3700 442 3754 te
464 3691 579 3775 poetis,
601 3690 743 3757 Messala
760 3693 951 3779 antiquariis
968 3694 1221 3759 criminabimur.
1237 3695 1313 3760 hist.

161 3757 195 3845 2³
223 3780 272 3853 30
292 3788 435 3855 Caecina
456 3799 492 3855 ut
513 3792 643 3857 foedum
667 3806 705 3856 ae
726 3793 937 3875 maculosum,
960 3794 1015 3857 ille
1038 3804 1074 3858 ut
1095 3795 1255 3860 tumidum
1275 3818 1313 3860 ae

159 3878 297 3955 Vanum
317 3890 508 3955 irridebant.
535 3912 609 3956 ann.
639 3893 669 3973 3,
692 3893 733 3956 62
760 3891 815 3957 illc
836 3894 1016 3977 Antioche,
1044 3894 1096 3958 hic
1123 3895 1313 3959 Mithridate

153 3974 289 4057 pulssis.
313 3992 364 4074 12,
385 3992 427 4056 41
450 3991 658 4058 Britannicus
681 3995 714 4057 in
742 4003 926 4080 praetexta,
953 3995 1040 4061 Nero
1068 3995 1311 4082 triumphalium

150 4074 268 4157 vflsste
289 4094 427 4159 travecti
448 4103 535 4158 sunt.
573 4094 676 4159 lbid.:
700 4095 792 4161 obvii
813 4098 898 4161 inter
925 4118 959 4160 se
980 4096 1067 4161 Nero
1088 4096 1313 4161 Britannicum

145 4174 316 4277 11⁰111ine,
338 4194 393 4258 ille
415 4194 599 4260 Domitium
620 4196 804 4262 salutavere
834 4197 891 4283 (zu
918 4196 1124 4282 vergleiehcn
1151 4198 1211 4262 mit
1237 4199 1312 4262 dem

139 4274 261 4357 1¹th
287 4296 397 4359 -einem
423 4295 665 4384 Pluralsubject
699 4297 979 4383 eingeschobenen
1011 4301 1162 4382 quisque).
1193 4320 1242 4385 op.
1269 4300 1312 4363 45

134 4371 416 4463 multitudinem
435 4396 578 4463 hostium
597 4398 711 4483 Pollio,
734 4401 824 4464 iussa
846 4401 947 4487 patris
967 4399 1176 4466 Radamistus
1199 4400 1310 4469 obten-
