2850 5002
594 340 822 405 ..396-

135 499 279 579 pessunt.
312 493 343 572 3,
368 492 408 555 14
430 493 552 558 oratori
575 531 613 540 -
637 495 745 559 omnia
766 496 925 581 quaesita,
947 494 1071 577 audita,
1092 494 1177 579 lecta,
1194 495 1241 560 dis·

136 601 258 680 putata,
283 602 432 678 tractata,
455 595 580 678 agitata
602 617 673 659 esse
695 595 827 661 debent.
856 605 938 664 orat.
953 597 1073 684 parth
1093 597 1244 663 auditurum

135 717 229 761 aures
252 697 455 775 moderantur
476 697 598 761 oratori
622 696 775 784 prudenti
796 709 829 764 et
843 699 989 786 provido.
1021 699 1117 765 Rosa.
1132 699 1205 764 Con.
1218 696 1262 762 lh·

135 798 163 861 si
186 798 251 861 iam
273 798 335 862 tibi
358 796 572 863 deliberatum
595 808 655 864 est.
686 797 784 864 Catil.
803 800 831 883 1,
855 803 872 865 ‘l
897 801 953 888 qui
968 791 1038 866 ‘tibi
1059 822 1203 888 persaepe
1217 797 1247 864 ad

135 902 268 964 eaedem
292 900 459 964 constituti
482 899 623 965 fuerunt.
654 900 749 965 Verr.
766 902 782 966 Ι
798 905 829 984 ξ.
846 902 889 966 42
904 903 983 967 mihi
999 903 1173 968 constituta
1185 910 1248 968 sunt.

136 1004 205 1067 Au.
230 1002 306 1083 m
338 1001 548 1065 constitutum
577 1025 648 1067 esse
675 1003 839 1089 Pompeio.
875 1002 972 1069 Catil.
996 1005 1035 1087 2,
1066 1005 1106 1069 12
1131 1003 1201 1069 mihi
1221 1040 1250 1052 -

136 1103 319 1170 consultum
341 1125 380 1166 ac
396 1104 563 1188 provisum
580 1113 640 1168 est.
672 1104 748 1168 fam.
764 1106 794 1186 5,
813 1104 852 1170 19
866 1104 946 1169 mihi
961 1105 1134 1171 eonsilium
1149 1115 1249 1193 captum

135 1205 258 1271 iamdiu
280 1215 340 1269 est.
371 1228 401 1268 n.
419 1205 450 1268 d.
466 1205 535 1288 2,4
555 1206 635 1270 vitio
658 1206 722 1271 sibi
743 1205 989 1273 tabernaculum
1012 1217 1146 1293 captum
1164 1207 1249 1273 luisse.

135 1309 166 1389 2,
189 1308 231 1372 48
253 1307 367 1373 bestiis
390 1307 602 1372 communiter
624 1307 716 1373 cibus
740 1309 918 1395 quaeritur.
948 1307 1003 1373 off.
1025 1311 1057 1391 3,
1074 1310 1105 1374 9.
1134 1309 1219 1376 Tusa.
1228 1308 1249 1390 4,

138 1410 177 1475 19
200 1411 251 1474 cui
280 1431 343 1473 non
372 1418 447 1474 sunt
473 1408 605 1475 auditae
629 1410 859 1475 Demosthenis
885 1409 1045 1495 vigiliae?
1073 1412 1106 1494 2,
1131 1409 1248 1498 ldispu·

136 1511 277 1591 tatione,
306 1532 390 1595 quae
412 1510 493 1576 mihi
515 1533 618 1598 nuper
631 1511 753 1577 'habita
776 1522 834 1577 est.
865 1512 949 1577 Tim.
974 1512 995 1576 8
1016 1512 1077 1576 sed
1099 1512 1176 1578 haee
1193 1500 1254 1577 satis

137 1614 202 1678 sint
225 1611 315 1677 dicta
336 1612 441 1681 nohis.
474 1611 560 1698 legg.
586 1617 619 1695 1,
645 1615 683 1679 18
705 1624 742 1680 ut
765 1614 917 1680 conclusa
939 1613 1022 1678 mihi
1043 1615 1110 1679 iam
1135 1616 1206 1680 haee
1220 1613 1248 1677 sil

137 1714 242 1780 omnis
269 1713 383 1778 oratio.
420 1714 518 1779 Tusa.
541 1716 576 1793 2,
599 1713 619 1776 4
647 1725 697 1779 est
723 1717 823 1800 igitur
851 1714 1097 1780 ambulantibus
1125 1715 1165 1780 ad
1189 1714 1247 1779 hune

137 1816 270 1882 modum
292 1839 396 1881 sermo
419 1815 474 1881 ille
496 1816 588 1881 nobis
610 1817 790 1882 institutus.
821 1817 896 1882 fam.
912 1819 942 1900 7,
958 1818 1001 1882 23
1023 1816 1177 1883 exhedris
1192 1812 1246 1880 mibi

59 1907 62 1912 ’
137 1942 224 1984 nova
246 1928 321 1983 sunt
343 1919 503 1984 instituta.
534 1920 563 2000 7,
579 1920 621 1984 33
643 1920 722 1984 mihi
745 1920 831 1984 enim
846 1919 1025 1985 iudicatum
1041 1929 1092 1984 est
1114 1916 1246 2004 („beiuir

137 2024 224 2087 steht
246 2045 279 2086 es
296 2022 407 2107 fest.‘⁴)
437 2021 534 2085 Tusa.
550 2022 582 2103 3,
601 2021 639 2085 14
655 2022 773 2107 quibus
789 2043 854 2085 non
870 2021 991 2088 fuerint
1005 2020 1158 2106 cogitata.
1178 2018 1244 2083 Ver.

137 2126 168 2207 4,
191 2125 233 2188 42
260 2147 311 2189 res
339 2123 419 2189 mihi
446 2133 515 2188 tota
543 2123 676 2210 provisa
697 2131 756 2187 est.
786 2123 820 2200 4,
846 2123 886 2187 15
907 2122 995 2210 quod
1018 2123 1049 2187 ei
1077 2122 1179 2187 fuerat
1195 2140 1244 2184 eeu·

138 2229 292 2314 cupitum.
322 2224 405 2290 Phil.
425 2228 458 2290 11
465 2274 474 2308 ,
492 2225 532 2290 10
553 2226 637 2290 sieut
660 2247 758 2311 saepe
780 2223 890 2291 multis
913 2223 1108 2290 clarissimis
1122 2223 1193 2290 viris
1209 2240 1243 2285 ex-

139 2328 262 2415 petitae
289 2337 373 2392 eunt.
403 2328 459 2391 fin.
480 2328 517 2409 4,
546 2327 588 2392 22
615 2326 709 2391 nobis
737 2327 824 2390 enirn
851 2327 917 2390 ista
944 2327 1111 2412 quaesita,
1138 2319 1243 2389 anubis

139 2431 312 2516 descripta,
333 2439 461 2513 notata,
484 2439 658 2516 praecepta
679 2438 755 2494 sunt
779 2429 843 2514 (wo
866 2426 1074 2514 Wesenberg
1094 2450 1125 2493 u.
1145 2420 1246 2504 Madvig

139 2559 160 2600 α
187 2535 277 2599 uobis
305 2533 387 2598 euim
415 2531 608 2615 corrigiren,
637 2529 721 2596 doeh
750 2531 835 2595 ohne
863 2528 1098 2595 hinreiehende
1119 2523 1244 2619 Grande.)

140 2636 193 2702 off.
216 2636 247 2718 3,
272 2634 292 2698 9
313 2633 450 2698 honesta
474 2633 566 2698 bonis
591 2633 671 2697 viris
693 2637 899 2715 quaeruntur.
933 2652 1002 2718 rep.
1024 2632 1054 2705 5,
1071 2632 1092 2696 9
1111 2629 1162 2695 ἱΙΙθ
1180 2623 1246 2693 nolis

140 2746 350 2821 consumptus
380 2745 429 2799 est
459 2734 540 2799 dies.
573 2758 604 2820 p.
626 2734 728 2799 Mare.
755 2736 769 2797 1
800 2733 1000 2800 intellectum
1023 2736 1075 2798 est
1096 2731 1179 2797 mihi.
1201 2747 1248 2811 rep·

139 2842 169 2924 3,
184 2840 226 2904 29
248 2839 309 2904 etsi
333 2839 426 2903 nobis
450 2835 639 2922 evigilatum
661 2837 731 2900 fere
753 2845 811 2900 est.
829 2873 869 2882 —
883 2836 949 2900 Am
970 2835 1165 2920 haufigaten,
1182 2839 1245 2896 nlm-

140 2940 205 3006 lieh
227 2941 303 3006 aeht
324 2937 408 3019 Mal,
432 2939 484 3004 bei
505 2944 676 3022 susceptae,
699 2939 815 3001 immer
836 2938 896 3002 mit
917 2938 998 3002 mehe·
1019 2937 1099 3002 oder
1120 2936 1185 3002 abi:
1202 2929 1248 3011 leg·

138 3045 225 3109 Man.
247 3043 290 3107 24
312 3041 472 3128 quidquid
493 3042 527 3105 in
548 3041 610 3106 hae
631 3063 731 3106 causa
753 3039 832 3104 mihi
856 3048 1044 3126 susceptum
1068 3047 1128 3104 est.
1154 3060 1182 3123 p.
1199 3025 1251 3097 llil·

140 3147 182 3211 34
204 3169 222 3211 ο
246 3145 369 3209 frustra
391 3143 471 3207 mihi
494 3143 635 3228 suscepti
659 3140 798 3207 labores.
829 3163 896 3228 rep.
915 3142 943 3221 1,
960 3142 989 3206 l.
1008 3134 1067 3205 'offi
1089 3141 1120 3217 2,
1139 3139 1181 3203 13.
1200 3133 1248 3199 hu.

139 3270 224 3334 resp.
247 3248 278 3313 2.
300 3245 378 3310 fam.
400 3246 432 3327 6,
449 3247 499 3328 10,
515 3246 543 3309 3.
576 3246 625 3328 11,
649 3245 679 3326 7,
694 3245 725 3309 3.
757 3243 995 3326 Α11.,1“5,2,1.
1021 3280 1060 3290 -
1083 3232 1253 3307 Rechtkllr

140 3354 185 3416 ist
207 3349 260 3413 die
282 3347 478 3433 Bedeutung
500 3348 557 3412 des
580 3346 699 3412 Dativs
722 3346 756 3409 in
779 3344 877 3409 Tuse.
899 3345 935 3426 5,
958 3345 1001 3409 24
1021 3349 1164 3410 subeatur
1188 3335 1247 3403 erim

140 3453 234 3517 nobie
250 3460 306 3516 att.
336 3451 407 3515 Att.
426 3451 475 3531 13,
490 3450 530 3513 51
552 3440 674 3512 amini
696 3456 745 3513 est
767 3446 980 3533 exploratum.
1010 3446 1173 3513 Letateres
1191 3441 1251 3505 eber

76 3579 83 3591 “
141 3576 193 3620 so:
217 3553 310 3618 acad.
332 3553 364 3633 2,
390 3553 439 3633 17,
462 3551 511 3615 54.
536 3549 578 3613 de
600 3572 665 3614 sen.
691 3549 741 3630 19,
765 3548 815 3613 67.
838 3547 915 3612 fam.
938 3548 970 3628 2,
995 3548 1045 3632 16,
1067 3547 1098 3613 6.

226 3687 323 3754 Fehlt
344 3687 398 3752 bei
420 3685 576 3751 Caesar.

227 3823 383 3891 Sallust
406 3822 475 3887 Cat.
502 3822 553 3899 14,
579 3822 596 3884 7
620 3843 715 3907 quarn
738 3818 826 3907 quod
848 3820 1001 3907 cuiquam
1026 3818 1062 3883 id
1084 3819 1254 3904 eomperun

141 3932 237 3997 foret.
266 3927 353 4008 22,4
375 3925 469 3991 nobis
492 3946 530 3987 ea
551 3945 602 3987 rea
625 3961 663 3970 —
687 3945 802 4011 parum
824 3931 990 4010 comperta.
1012 3930 1072 3986 est.
1102 3920 1174 4005 Jug.
1188 3902 1260 3990 1οβ

143 4056 184 4097 ex
211 4055 275 4118 quo
303 4027 350 4094 illi
378 4026 483 4113 gloria
510 4047 653 4114 opesque
679 4026 843 4090 inventae.
874 4025 914 4089 75
920 4072 930 4107 ,
952 4024 973 4087 2
1001 4044 1085 4110 qnae
1114 4025 1263 4110 postquu‘

87 4214 90 4223 Ι
142 4132 274 4201 Metello
297 4138 463 4216 comperta
483 4137 569 4192 sunt.
1052 4132 1055 4137 '

228 4267 311 4333 Bell.
334 4266 431 4332 Alex.
455 4266 475 4330 2
496 4286 601 4351 neque
623 4285 701 4331 vero
724 4261 959 4329 Alexandrinis
987 4262 1023 4326 in
1048 4256 1192 4347 gerendis
1212 4263 1274 4312 ne-

143 4372 241 4457 gotiis
264 4369 426 4434 cunetatio
449 4365 517 4432 ulla
539 4377 595 4431 aut
616 4387 709 4430 mora
734 4366 929 4446 inferebam
951 4363 1009 4448 (ist
1030 4360 1117 4429 wohl
1136 4354 1280 4424 Verbum

43 4556 45 4561 ¹
136 4471 310 4569 medium.)
345 4473 387 4539 25
413 4468 556 4535 nondum
583 4468 717 4537 Caesari
743 4468 890 4535 auditum
917 4475 998 4531 erat.
1032 4432 1287 4532 Βθ11.1411.48
