2850 5002
512 297 744 360 -347-

120 446 213 510 canius
235 467 309 511 cum
337 412 534 535 stipendium
563 449 604 512 ab
632 449 876 534 legionibus-
901 448 1087 534 flagitarent
1089 474 1135 515 ur
1160 488 1200 498 -

120 548 247 632 tooure
268 548 351 614 wird
374 572 438 615 von
460 550 591 615 keinetn
614 551 753 617 Schrifts
755 549 848 614 teller
871 574 907 617 so
929 573 1005 615 cons
1008 554 1116 617 truirt.

148 649 231 715 Nach
247 649 410 736 Analogie
432 653 490 716 der
505 653 641 736 vorigen
657 653 766 718 Verba
786 662 816 716 st
804 651 904 717 tt'eh
860 662 930 717 tm
952 653 1010 717 der
1032 655 1183 719 archaist'
1161 664 1200 719 tr-

120 773 162 815 ien
179 751 321 839 Sprache
344 752 427 817 auch
450 751 508 817 das
530 753 649 818 Passiv
672 776 737 819 von
764 757 884 837 exigere
912 756 971 819 mit
998 754 1072 819 dem
1095 757 1199 819 Aecu-

120 851 164 917 :iv:
184 850 226 934 Q.
248 852 400 919 Metellus
424 852 748 941 ap.Gell.15,14,2
771 878 841 920 sese
863 857 1017 942 pecunias
1041 859 1200 921 maximas

120 963 189 1019 utos
211 977 292 1019 csse.
317 954 437 1021 Caecil.
460 957 541 1022 ibid.
565 961 596 1039 ξ.
618 957 639 1021 5
661 956 742 1021 illud
766 959 880 1042 exigor
901 959 1091 1043 portorium.
1126 957 1201 1022 Gel-

120 1064 240 1120 snennt
263 1057 322 1121 das
345 1049 406 1121 mit
419 1057 532 1135 ι226652
554 1061 626 1124 eine
649 1046 777 1125 Graeca
798 1060 913 1145 figura,
937 1059 1119 1143 vergleicht
1142 1059 1200 1123 da-

120 1162 128 1218 t
152 1154 362 1242 ιίσεπράξατό
388 1182 429 1242 με
456 1155 619 1242 ἀργύριον
647 1161 714 1225 und
742 1160 892 1245 verlangt
880 1159 1014 1225 tdaftir
1042 1161 1094 1224 dic
1117 1161 1200 1225 Con-

120 1259 214 1324 uction
237 1262 296 1324 mit
318 1261 358 1326 ub
381 1261 459 1327 oder
482 1263 591 1327 cle.—
614 1263 705 1326 Aber
728 1262 781 1325 die
804 1285 870 1328 von
892 1262 991 1327 Klotz
1015 1285 1073 1325 aus
1098 1262 1201 1326 Plaut.

120 1356 154 1423 in.
174 1361 202 1443 2,
225 1361 257 1445 4,
279 1360 321 1426 26
343 1361 511 1427 eitirtet
474 1361 573 1463 Stella
595 1363 678 1427 wind
704 1386 766 1428 von
788 1362 915 1429 Ritschl
937 1363 984 1428 als
1008 1363 1127 1427 uneoht
1115 1373 1201 1448 t-ge

120 1456 232 1525 ichen.

144 1556 201 1628 Bei
227 1565 350 1631 iubere:
377 1565 485 1632 Plaut.
513 1565 589 1631 Aul.
618 1568 709 1649 2,1,
737 1567 893 1653 31quod
922 1575 955 1630 26
982 1568 1071 1631 iubet
1059 1576 1201 1634 t.soror

122 1657 224 1728 .2ιιιι.
249 1667 299 1748 13,
321 1666 374 1749 26,
397 1669 523 1754 3quae
546 1667 726 1754 tealiquid
748 1668 908 1732 iuberent.
942 1668 1035 1733 Caes.
1061 1669 1091 1731 b.
1115 1690 1147 1753 g.
1171 1670 1201 1752 3,

120 1763 217 1849 [uod
207 1769 290 1832 russi
312 1778 396 1849 sunt,
374 1770 553 1834 tfaciunt.
598 1769 698 1834 Nieht
719 1769 839 1854 haufig.

144 1890 170 1932 6.
199 1869 408 1954 Zwingen:
439 1869 545 1935 Plaut.
575 1872 695 1957 Amph.
726 1872 785 1936 163
813 1874 858 1935 cri
891 1871 971 1935 haec
998 1873 1204 1937 immodestia

132 1970 248 2055 coegit.
277 1968 353 2035 Ter.
376 1971 442 2036 Ad.
465 1973 503 2057 3,
525 1973 558 2055 4,
580 1974 623 2036 44
645 1973 731 2058 quod
754 1996 812 2038 vos
836 1975 885 2037 vis
909 1976 1004 2056 sopit,
1028 1973 1061 2037 id
1085 1973 1199 2037 volun·
1306 1991 1308 1996 ’

120 2091 125 2130 ι
145 2071 305 2159 impetret.
330 2071 395 2137 Cic.
411 2095 479 2160 rep.
506 2076 533 2156 1,
549 2075 615 2154 2,3
638 2075 725 2139 cives
750 2073 862 2160 quiid
885 2075 982 2158 cogit.
1006 2075 1099 2160 Virg.
1116 2077 1199 2139 Aen.

120 2171 161 2236 56
188 2173 268 2259 quid
295 2195 360 2237 non
388 2173 539 2259 mortalia
566 2185 701 2262 pectora
727 2175 840 2260 cogis?
873 2176 947 2241 Liv.
974 2178 1010 2259 3,
1042 2179 1059 2242 7
1090 2178 1132 2240 ad
1155 2177 1200 2258 id,

120 2271 144 2336 *d
167 2297 227 2339 sua
249 2275 516 2362 quemque'mala
535 2277 709 2362 cogebant.
733 2275 871 2357 Quintil.
892 2277 939 2356 11,
966 2280 982 2340 1
1006 2279 1062 2362 qui
1085 2277 1146 2341 hoc
1168 2300 1202 2341 se

120 2376 229 2458 gisset.
274 2377 434 2442 Passiv:
459 2377 528 2444 Cic.
551 2379 646 2444 Verr.
669 2379 700 2460 4,
724 2379 765 2443 64
788 2401 885 2465 quam
908 2379 994 2464 quod
1018 2387 1085 2442 tum
1109 2400 1201 2464 coge-

120 2481 178 2540 tur.
201 2499 233 2563 p.
256 2469 452 2544 aaaron.
477 2482 494 2544 7
518 2483 578 2566 ego
600 2481 662 2546 hoc
685 2502 792 2566 cogor.
816 2481 855 2544 de
873 2502 941 2544 sen.
959 2481 995 2543 11
1020 2502 1085 2544 ιιοιι
1107 2480 1202 2545 modo

124 2576 145 2642 d
167 2601 231 2643 non
254 2601 438 2664 possumus,
462 2582 520 2647 sed
541 2604 583 2646 ne
604 2591 760 2668 quantum
776 2604 946 2669 possumus
963 2582 1093 2668 quidem
1115 2583 1202 2667 cogi-

120 2699 138 2742 .·.
172 2680 247 2744 Liv.
270 2682 302 2762 4,
325 2682 376 2763 26,
403 2683 442 2746 10
464 2685 492 2748 si
521 2684 653 2770 quidem
683 2685 756 2769 cogi
784 2683 971 2768 aliquid-
999 2692 1141 2769 possent.
1172 2684 1202 2760 6,

133 2781 172 2846 13
194 2804 253 2848 vos
275 2782 310 2848 id
333 2784 473 2869 eogendi
496 2785 583 2850 estis.
615 2785 699 2849 Plin.
722 2808 798 2871 pan.
821 2786 841 2849 6
864 2776 949 2871 guod
971 2783 1053 2848 nihil
1076 2784 1203 2869 cogitur

120 2878 142 2947 l.
164 2885 338 2972 princeps).
372 2884 458 2951 Gell.
490 2888 542 2966 12,
572 2887 608 2971 5,
637 2889 659 2951 4
687 2887 817 2953 Stoicus
844 2887 941 2952 homo
968 2887 1041 2970 cogi
1076 2885 1202 2971 aliquid

120 2994 164 3050 sst
185 3023 227 3034 -
250 2988 430 3074 sapientem
452 2988 534 3053 nihil
556 2989 629 3073 cogi
650 3010 754 3075 posse.

141 3087 235 3153 (iana
248 3088 376 3172 analog,
391 3089 472 3155 aber
483 3089 662 3156 vereinzelt
678 3094 764 3156 steht
776 3089 829 3154 bei
841 3090 910 3155 Cic.
923 3090 978 3155 fin.
993 3091 1022 3170 1,
1033 3090 1066 3169 5,
1077 3089 1115 3151 14
1125 3111 1201 3152 nam

120 3189 137 3252 l
156 3189 288 3276 quidem
311 3193 426 3258 adduci
447 3193 504 3256 vix
525 3215 656 3278 possum
681 3194 789 3277 (statu
812 3193 855 3256 ad
877 3191 958 3256 illud
979 3190 1202 3274 credendum).

141 3290 181 3356 G.
224 3292 383 3359 Adiectura
403 3316 467 3358 nur
488 3294 564 3359 Ter.
588 3294 671 3359 Eun.
696 3295 723 3376 1,
745 3295 776 3378 2,
800 3295 841 3360 70
863 3294 912 3376 id,
937 3293 1065 3374 amabo,
1088 3292 1202 3356 adiuta

153 3392 275 3469 Heaut.
299 3396 331 3477 5,
353 3394 384 3479 2,
405 3395 448 3460 59
469 3392 574 3482 neque
596 3420 648 3461 me
670 3397 842 3483 quicquam
865 3395 1000 3460 consilio
1024 3393 1181 3460 adiuvas?

139 3493 184 3561 H.
229 3495 388 3579 Arpocra-
405 3496 582 3562 *aneilius
611 3522 662 3585 ap.
691 3495 840 3578 (26122,
868 3498 910 3561 23
936 3496 972 3561 id
1001 3518 1052 3560 me
1082 3495 1202 3581 arguit.

120 3613 132 3657 ’.
154 3594 212 3676 26,
237 3588 292 3680 12,
318 3597 356 3661 17
385 3597 421 3661 id
448 3621 548 3663 unum
576 3598 659 3685 (scil.
684 3599 873 3682 Numidam)
902 3621 944 3663 ex
966 3597 1022 3677 iis,
1053 3598 1109 3684 qui
1137 3596 1202 3661 sibi

120 3698 336 3783 [aperuisset
361 3721 496 3785 arguere
519 3723 589 3765 sese
611 3712 757 3787 paratam
779 3722 857 3765 esse.
900 3699 950 3763 Im
966 3699 1126 3765 Passiv:
1150 3698 1201 3775 45,

123 3797 145 3862 4
159 3799 188 3863 si
202 3822 313 3864 omnes
329 3800 500 3882 voluimuS,
516 3803 603 3888 quod
618 3803 795 3888 arguimur.
841 3804 960 3867 Dieser
976 3799 1201 3887 passivischen

120 3903 297 3986 istruction,
319 3901 373 3967 bei
396 3902 455 3968 der
477 3904 566 3970 nicht
589 3899 662 3987 (mit
683 3904 933 3989 Weissenborn)
959 3905 1066 3985 fecisse
1087 3926 1128 3966 zu
1151 3924 1199 3965 er-

120 4024 184 4067 aen
205 4003 260 4086 ist,
283 4006 496 4092 entsprechen
520 4007 574 4070 dic
596 4007 677 4072 zuei
692 4029 750 4070 aus
766 4006 898 4070 Tacitus
914 4005 1044 4070 eitirten
1061 4003 1197 4069 Stellen:

120 4134 133 4166 ι
155 4103 186 4188 6,
208 4103 230 4169 5
252 4105 399 4191 arguitur
426 4107 592 4195 pleraque.
619 4107 687 4191 ιΙ2ι.
711 4130 794 4194 quae
823 4115 940 4171 cuncta
963 4144 1001 4153 —
1024 4105 1199 4171 revinceba-

163 4204 242 4271 Und
265 4228 301 4271 so
324 4208 444 4273 bereits
466 4208 519 4273 bei
542 4208 735 4274 Cornificius
759 4209 816 4292 (ad
836 4208 994 4292 Herenn.)
1017 4208 1049 4290 2,
1071 4208 1092 4269 4
1115 4206 1200 4292 quod

120 4308 359 4376 ³iasimuletur.

144 4406 171 4474 I.
215 4409 431 4478 Schenkcn
457 4435 519 4478 nur
541 4413 593 4481 bei
616 4413 756 4479 Terenz:
784 4412 865 4477 Hec.
888 4412 920 4498 5,
943 4411 975 4496 4,
999 4411 1018 4474 9
1041 4431 1143 4497 egone
1166 4417 1199 4480 te
