2850 5002
601 311 832 376 -593-

140 463 194 546 21,
218 463 270 528 35.
301 463 358 546 29,
381 462 432 527 37.
463 462 594 545 35,,19.
649 462 744 526 Doeh
766 462 849 526 auch
872 463 931 527 mit
953 464 1009 528 de:
1045 463 1114 528 Oic.
1138 463 1233 527 Verr.
1256 465 1286 548 5,

140 565 180 630 67
215 565 257 630 de
290 565 401 629 multis
432 565 512 628 mihi
544 585 688 630 crescere
717 563 839 629 licebit.
889 564 1010 630 Petron
1037 566 1078 629 38
1112 566 1153 630 de
1184 565 1287 630 nihilo

140 668 258 732 crevit.

227 769 268 832 In
295 767 381 833 allen
409 767 524 832 Zeiten
553 769 707 833 bedeutet
731 769 848 851 facere,
882 770 953 852 ficti
978 789 1016 834 ea
1043 768 1107 832 den
1136 769 1285 834 Ueber‘-

142 893 248 956 gang
275 892 352 937 von
381 870 507 934 einem
536 870 740 934 Zustande
769 872 809 934 in
838 873 954 935 einen
981 871 1142 934 andern.
1192 871 1286 935 Aueh

142 973 243 1036 ohne
265 969 430 1054 Verbum,
461 974 522 1036 wie
545 971 615 1036 bio.
638 980 718 1036 orat.
742 982 825 1057 part.
852 973 888 1036 17
918 972 1000 1038 nihil
1027 981 1076 1037 est
1106 972 1192 1036 enim
1220 981 1286 1035 tam

141 1073 327 1138 miserabile
360 1095 457 1161 quam
490 1095 532 1137 ex
552 1073 658 1139 beato
691 1073 799 1137 miser.
851 1073 913 1139 Mit
946 1074 1123 1138 anderen
1151 1074 1285 1138 Verbis:

140 1176 238 1240 Rosc.
267 1176 343 1239 Am.
373 1175 411 1239 18
440 1196 482 1240 ex
507 1176 641 1239 minima
668 1177 924 1262 tenuissimaque
954 1194 1020 1262 rep.
1045 1176 1226 1241 maximam
1255 1185 1287 1240 et

139 1276 405 1342 florentissimam
433 1278 528 1343 nobis
555 1278 764 1363 reliquerunt.
809 1279 935 1365 rep-1,
957 1277 1003 1356 45,
1026 1287 1063 1343 ut
1085 1278 1224 1342 exsistat
1245 1299 1287 1342 ex

138 1401 218 1463 rege
248 1378 408 1446 dominus.
453 1378 547 1443 Caes.
570 1378 603 1443 b.
627 1401 654 1442 c.
677 1380 710 1457 3,
738 1380 798 1442 104
826 1380 1016 1465 plerumque
1043 1380 1077 1442 in
1103 1379 1286 1446 calamitate

140 1503 182 1545 ex
206 1481 321 1546 amicis
344 1481 468 1545 inimici
491 1482 663 1551 exsistunt.

225 1583 260 1645 4.-
302 1582 368 1646 Der
394 1581 574 1647 materielle
602 1582 681 1647 oder
707 1583 847 1668 geistige
876 1583 967 1648 stas
972 1581 987 1646 f
990 1631 999 1664 ,
1029 1605 1156 1648 woraus
1186 1591 1285 1648 etwas

137 1684 272 1749 besteht
301 1683 503 1769 (eigentlich2
533 1694 740 1750 entnommen
767 1685 832 1766 ist).
877 1684 920 1749 So
950 1682 1091 1749 iiberall:
1127 1708 1169 1751 ex
1196 1707 1286 1769 auro,

136 1795 292 1872 argento,
316 1807 406 1870 aere,
429 1787 582 1870 gemmis,
605 1807 780 1868 marmore,
803 1787 920 1851 robore
942 1809 973 1850 n.
997 1784 1064 1870 dgl.
1105 1786 1174 1851 Cic.
1197 1810 1228 1849 n.
1253 1789 1285 1850 d.

138 1890 176 1972 1,
205 1889 248 1953 35
274 1888 369 1951 homo
398 1909 440 1951 ex
467 1889 574 1952 animo
604 1893 724 1953 constat
753 1897 785 1952 et
812 1908 948 1970 corpore
977 1886 1056 1971 (vgl.
1085 1893 1115 1970 ξ.
1138 1888 1212 1970 237,
1243 1890 1285 1974 1).

136 1992 177 2073 3,
210 1991 251 2053 14
278 1998 396 2054 natura
424 1990 599 2055 animantis
627 1995 768 2055 concreta
797 2011 838 2053 ex
860 1988 1008 2076 pluribus
1033 1991 1170 2055 naturis.
1215 2011 1284 2074 rep.

140 2095 178 2174 1,
201 2091 245 2155 45
273 2096 475 2174 temperatum
501 2093 670 2156 extribus
693 2091 824 2178 optimis
846 2112 954 2155 rerum
977 2089 1066 2177 publ.
1089 2090 1206 2156 modis.
1230 2092 1285 2155 lin.

136 2193 176 2277 2,
209 2195 249 2256 14
275 2214 292 2256 e
321 2193 445 2278 duplici
472 2215 590 2278 genere
618 2192 797 2278 voluptatis
826 2195 1016 2258 coniunctus.
1059 2193 1134 2257 Liv.
1158 2192 1215 2275 22,
1242 2193 1285 2257 43

137 2293 262 2360 milites
285 2296 378 2360 mixti
400 2316 441 2357 ex
462 2292 646 2361 colluvione
668 2294 811 2359 omnium
833 2295 990 2380 gentium.

225 2396 255 2462 5.
300 2396 355 2461 Ea
377 2398 463 2461 steht
486 2396 535 2461 ost
556 2397 624 2460 und
646 2397 681 2460 in
703 2394 788 2460 allen
811 2397 926 2462 Zeiten
950 2405 1029 2461 statt
1051 2398 1140 2462 eines
1162 2397 1284 2484 parti-

137 2500 256 2564 tiven
283 2497 496 2581 Genetivs‚
529 2496 709 2564 besonders
736 2497 821 2562 nach
848 2519 947 2581 unns,
981 2497 1120 2563 welches
1149 2496 1285 2563 letztere

137 2600 221 2665 aber
258 2599 340 2665 auch
374 2599 437 2664 den
470 2587 612 2665 Genetiv
648 2600 785 2684 regiert‚
822 2623 848 2664 s.
882 2600 914 2665 S.
947 2599 1025 2682 421,
1060 2599 1079 2663 8
1116 2601 1182 2665 und
1216 2601 1284 2686 vgl.

138 2702 351 2786 S.423,10.

123 2797 126 2802 ’
226 2804 257 2869 6.
307 2804 348 2868 In
375 2803 568 2872 modalem
597 2803 697 2869 Sinne
724 2801 916 2868 bezeichnet
934 2823 980 2884 ¹ear
1008 2801 1061 2866 die
1089 2803 1190 2869 Norm
1217 2805 1284 2868 und

137 2906 452 2991 Angemessenheit,
486 2906 597 2970 heisst‘
620 2904 707 2969 also:
748 2905 862 2986 nach,
897 2914 1071 2989 gemass,
1106 2905 1283 2991 zufolge.

139 3009 184 3074 So
210 3009 369 3073 zunaohst
391 3006 449 3072 das
472 3006 636 3091 Modell,
667 3005 805 3072 wonach
827 3014 926 3071 etwas
949 3004 1095 3090 gebildet
1115 3007 1175 3071 ist:
1213 3006 1282 3072 Cio.

138 3110 181 3175 de
206 3132 250 3178 or.
273 3111 309 3191 3,
339 3109 379 3174 12
407 3108 589 3174 imitatione
618 3130 660 3172 ex
686 3106 796 3194 aliquo
824 3129 991 3194 expressa.
1035 3096 1203 3173 Hiemaoh
1231 3109 1284 3173 bei

137 3211 214 3276 dem
238 3210 362 3277 'alteren
379 3210 521 3277 Plinius:
545 3233 588 3275 ex
609 3210 764 3274 membris
787 3231 958 3296 expressa,
981 3209 1157 3295 imaginem
1180 3232 1283 3296 gypso

138 3335 158 3378 e
180 3314 266 3379 faeie
290 3315 463 3401 expressit.
507 3313 640 3379 Sodann
666 3311 811 3398 gehoren
837 3310 1021 3377 zahlreiche
1048 3321 1283 3398 stereotype

138 3415 384 3481 Ausdriicke
406 3415 550 3480 hierher:
576 3437 617 3479 ex
638 3437 743 3495 more,
766 3413 893 3492 ordine,
918 3411 1152 3479 consuetudine
1159 3462 1168 3495 ,
1191 3415 1283 3478 insti-

136 3527 230 3599 tuto,
260 3515 383 3601 edicto,
414 3517 561 3599 decreto,
584 3514 738 3597 formula,
767 3516 943 3598 sententia,
972 3514 1284 3599 senatusconsulto,

137 3628 324 3705 praecepto,
351 3618 537 3702 voluntate,
565 3617 653 3704 lege,
681 3619 767 3699 iure,
796 3616 945 3701 foedere,
972 3618 1119 3686 arbitrio.
1163 3619 1283 3684 Davon

137 3720 233 3784 kann
255 3742 292 3786 ea
309 3724 461 3786 sententio
482 3721 628 3786 heissen:
651 3718 735 3784 nach
752 3718 915 3803 Wunseh3
938 3740 976 3784 en
990 3722 1108 3802 auimo,
1130 3721 1284 3786 exanimi

137 3825 291 3888 sententio
314 3823 527 3907 „aufrichtig,
551 3844 617 3888 von
639 3821 802 3886 Heraen“.
839 3819 996 3886 Einzelne
1018 3820 1156 3903 Stellen,
1181 3823 1282 3887 worin

140 3924 201 3989 das
229 3924 361 3989 Maass
391 3924 459 3988 der
486 3921 782 4008 Beurtheilung
811 3923 1008 4008 angedeutet
1033 3922 1135 3990 wird:
1174 3921 1280 3988 Plaut.

138 4025 239 4113 Epid.
262 4026 297 4107 5,
323 4028 356 4109 1,
381 4027 420 4091 19
443 4049 485 4090 ex
506 4028 570 4090 tuis
594 4024 713 4090 verbis.
746 4025 836 4088 Trin.
862 4025 943 4090 1049
965 4026 1086 4112 quippe
1108 4046 1218 4090 eorum
1241 4049 1283 4091 ex

136 4128 270 4214 ingenio
298 4129 464 4214 ingenium
491 4127 607 4192 horum
630 4128 777 4211 probunt.
823 4127 897 4191 Ter.
919 4125 1039 4192 Heaut.
1067 4127 1103 4211 2,
1133 4130 1166 4210 1,
1192 4128 1214 4191 4
1241 4150 1282 4194 ex

137 4252 200 4294 sua
227 4229 364 4294 libidine
391 4231 604 4296 moderantur.
649 4230 727 4295 Oia.
750 4230 818 4293 inv.
842 4231 874 4310 1,
897 4228 938 4294 38
964 4228 1052 4314 leges
1076 4251 1120 4293 ex
1140 4229 1283 4295 utilitate

137 4333 304 4398 communi
311 4380 319 4414 ,
349 4355 415 4397 non
438 4355 478 4398 ex
502 4332 677 4420 scriptione
702 4367 738 4380 -
762 4333 972 4413 interpretari.
1017 4331 1113 4396 Rosc.
1136 4354 1218 4397 com.
1244 4332 1283 4395 10

137 4454 234 4498 nemo
263 4432 356 4498 illum
387 4456 428 4499 ex
456 4443 570 4500 trunco
605 4434 749 4520 corporis
775 4434 947 4517 spectabat,
985 4433 1043 4498 sed
1073 4455 1114 4497 ex
1142 4434 1310 4500 artificio·
