2850 5002
604 365 833 429 ..164-

147 514 279 590 Cannae
299 516 494 603 appellatur.
510 518 541 602 8,
565 518 605 582 10
625 516 704 581 casu
720 517 834 598 morbi,
858 539 952 603 quem
969 516 1086 582 Graeci
1102 515 1238 602 ἀπόπλη

146 628 275 682 vocant.
298 656 340 665 —
358 619 465 683 Laot.
488 619 520 699 4,
547 621 595 701 14,
622 618 818 705 ltemplum,
843 619 929 704 quod
944 618 1128 706 appellatur
1143 620 1238 685 eoele

146 719 223 805 opis.
247 719 276 800 8,
301 720 341 783 10
362 741 477 784 sensus
500 718 566 802 ille,
589 720 645 806 qui
667 719 788 785 dicitur
812 741 912 788 mens.

231 822 302 885 Aua
331 819 427 885 allam
449 820 747 906 Vorhergeheuden
776 822 856 886 l'a'sst
879 823 947 887 sich
969 822 1074 888 nieht‘
1088 823 1205 888 einmal
1234 859 1238 892 ι

145 922 358 1004 abstrahiren,
382 921 459 987 dass
482 921 541 986 das
557 922 690 987 Relativ
711 925 771 988 mit
793 922 867 987 dem
886 920 1238 1008 Beziehungsnomenc

145 1021 367 1110 Hauptsataes
382 1024 671 1090 iibereinstimmen
686 1033 806 1108 miisse,
830 1047 924 1089 wenn
939 1025 1092 1115 letateres
1108 1027 1167 1090 mit
1181 1027 1238 1092 einr

144 1125 393 1189 Demonstrativ
415 1125 607 1191 verbunden
628 1129 683 1211 ist,
708 1151 731 1191 s.
754 1135 856 1191 unten
876 1116 926 1192 nr‘.
950 1127 979 1192 b.
1017 1126 1087 1190 Fiir
1109 1130 1182 1192 sehr
1200 1129 1238 1193 vie

144 1225 237 1290 Faue
258 1236 350 1314 passt
377 1227 462 1293 wohl
490 1229 546 1292 die
562 1233 638 1293 ‘von
661 1228 827 1314 Madvig
857 1227 1011 1311 (Gramm.
1035 1230 1066 1307 §-
1090 1229 1165 1314 316)
1185 1221 1238 1314 ge'g

143 1327 228 1392 bene
249 1328 368 1414 Regel,
399 1329 476 1394 dass
495 1332 574 1417 jene
597 1330 790 1416 Congruenz
814 1329 996 1411 stattfiude,
1026 1351 1124 1394 wenu
1144 1330 1235 1394 derB

144 1429 424 1514 aiehungsbegriff
449 1430 505 1495 des
528 1429 751 1519 Hauptsatzes
780 1440 848 1496 erst
869 1431 972 1496 durch
985 1431 1058 1496 ‘den
1080 1430 1238 1496 Relativsal

144 1531 309 1625 bestimmt
331 1531 450 1596 werde.
487 1532 575 1596 Dass
590 1534 670 1598 aber
691 1532 762 1597 dies
784 1532 875 1597 nieht
895 1533 1011 1596 immor
1033 1532 1175 1614 zutreffe,
1194 1550 1238 1596 au<

142 1631 197 1717 bei
211 1619 325 1697 Cicero
347 1633 447 1715 nieht,
471 1633 611 1700 erkennt
626 1634 764 1720 Madvig
786 1633 890 1699 selbst
903 1654 955 1698 an.
989 1633 1036 1697 Es
1051 1632 1176 1698 kommt
1188 1641 1238 1696 uin

142 1733 207 1798 lieh
229 1735 278 1800 oft
300 1734 371 1816 vo'r,
396 1734 473 1800 dass

227 1837 259 1902 b.
286 1836 345 1900 das
367 1835 498 1902 Relativ
525 1839 585 1901 mit
613 1839 688 1902 dem
710 1836 1079 1903 Prddioatsnomen
1105 1835 1238 1923 oongmir

142 1937 211 2003 Cio.
240 1938 328 2024 legg.
354 1939 422 2020 1,t
456 1936 576 2002 animal
603 1940 659 2004 doe
685 1976 727 1988 -
754 1961 848 2026 quem
878 1960 1033 2004 vocamus
1056 1939 1215 2004 hor'ninem.

141 2038 225 2104 Sest.
247 2040 290 2105 42
312 2039 541 2105 conventicula
562 2041 740 2124 hominum,
764 2062 848 2127 quae
870 2050 985 2128 postea
1011 2040 1160 2106 civitates
1179 2057 1238 2102 nou

142 2151 238 2224 natae
265 2136 355 2224 sunt,
390 2151 459 2206 tum
488 2141 654 2207 domicilia
683 2135 872 2225 coniuncta,
901 2164 983 2226 quas
1014 2143 1110 2208 urbes
1133 2141 1238 2205 dicimo

139 2241 182 2307 45
203 2252 239 2308 ut
260 2245 287 2315 a·
308 2245 383 2325 sint,
408 2266 506 2335 quam
528 2255 565 2309 tu
587 2245 752 2310 nationem
781 2243 963 2330 appellasti.
1008 2243 1102 2308 Brut.
1126 2243 1166 2308 33
1185 2261 1238 2328 per

140 2346 237 2426 ratio,
261 2345 316 2429 qui
340 2343 487 2430 epilogus
511 2345 639 2411 dicitur.
684 2345 779 2409 Verr.
802 2347 834 2426 5,
856 2345 899 2409 55
926 2365 1036 2408 carcer
1062 2345 1115 2410 ille
1135 2381 1175 2391 ——
1193 2363 1238 2428 qu:

140 2445 334 2511 Lautumiae
361 2457 529 2511 vocantur.
557 2447 613 2510 fin.
638 2451 665 2528 1,
690 2447 729 2511 18
752 2432 842 2511 illam
864 2449 1030 2528 umbram,
1060 2446 1147 2532 quod
1169 2464 1238 2530 appe

139 2546 210 2612 lant
237 2546 419 2611 honestum.
451 2548 530 2611 fam.
560 2548 609 2632 13,
640 2552 655 2613 l
686 2549 852 2613 decretum
884 2548 967 2613 illud
992 2547 1238 2632 Areopagitarur

140 2670 235 2734 quem
258 2640 560 2732 ὑπομνηματισμὸν
581 2649 629 2713 illi
653 2659 779 2715 vocant.
802 2670 870 2735 rep.
889 2650 916 2729 l,
944 2648 994 2730 13,
1021 2649 1059 2712 19
1075 2645 1238 2712 munduslr

139 2759 236 2832 totus,
260 2749 348 2836 quod
372 2749 570 2815 domicilium
600 2773 760 2838 quamque
783 2749 920 2836 patriam
950 2749 996 2813 dii
1018 2750 1115 2815 nobis
1139 2768 1238 2814 comm*¹

138 2872 212 2915 nem
235 2873 345 2916 secum
367 2851 537 2916 dederunt.
561 2875 594 2938 p.
609 2852 695 2917 Mur.
717 2852 758 2916 28
774 2851 871 2917 venio
886 2870 974 2915 nune
992 2849 1035 2913 ad
1049 2851 1096 2915 M.
1113 2851 1238 2916 Catones

108 2975 112 2983 ·
139 2953 224 3038 quod
248 2961 299 3016 est
320 2953 561 3018 firmamentum
584 2963 640 3018 ott.
664 2951 748 3017 Phil.
771 2953 803 3035 5,
829 2954 868 3016 14
890 2953 1046 3037 Pompeio
1068 2962 1169 3038 patre,
1190 2972 1238 3039 qut

137 3055 267 3139 imperii
289 3092 330 3102 --
352 3053 462 3119 lumen
484 3055 559 3136 fuit,
583 3057 752 3119 exstincto.
776 3055 809 3117 in
832 3053 899 3119 Pis.
922 3054 965 3117 24
991 3054 1110 3118 iustam
1133 3053 1238 3140 gloriar

45 3215 54 3223 .,
133 3156 195 3240 'qui
217 3165 267 3221 est
289 3152 415 3220 fructus
437 3178 534 3222 verae
556 3158 688 3221 virtutis
717 3154 975 3220 honestissimus.

208 3258 374 3321 'Caesar
402 3256 432 3324 b.
461 3279 492 3343 g.
526 3261 553 3338 1,
581 3258 622 3322 38
650 3257 897 3338 Vesontionem,
926 3257 1016 3343 quod
1044 3265 1094 3322 est
1123 3257 1238 3344 oppidu

138 3357 317 3421 maximum
340 3356 573 3444 Sequanorum.
596 3358 627 3439 2,
654 3356 817 3442 lBelgas,
839 3379 935 3443 quam
958 3357 1087 3422 tertiam
1110 3380 1180 3423 esse
1196 3356 1238 3423 Ge

137 3456 200 3521 liae
228 3466 354 3544 partem
383 3459 580 3523 dixeramus.
613 3460 642 3539 7,
665 3460 706 3523 68
730 3459 893 3541 Alesiam,
925 3457 1013 3544 quod
1044 3468 1095 3524 est
1122 3458 1238 3547 oppidu

138 3557 402 3624 Mandubiorum.
436 3560 469 3623 b.
500 3581 528 3623 c.
550 3560 580 3640 3,
608 3560 649 3624 66
678 3558 829 3625 cohortes
857 3558 1034 3646 quasdam,
1066 3561 1152 3646 quod
1174 3561 1238 3624 inst

136 3659 274 3743 legionis
297 3660 475 3725 videretur.

222 3760 375 3827 Sallust
398 3762 471 3830 Cat.
500 3764 542 3828 55
569 3771 620 3827 est
648 3765 681 3826 in
703 3783 831 3826 carcere
853 3761 957 3846 loeus,
980 3765 1067 3847 quod
1091 3763 1238 3828 Tulliam:

134 3862 328 3949 appellatur.
353 3901 389 3910 —
415 3864 518 3930 Ovid
540 3873 614 3930 met.
638 3866 667 3944 8,
691 3866 732 3928 99
754 3865 889 3948 Creten,
912 3865 969 3948 qui
991 3886 1083 3930 meus
1106 3875 1155 3940 est
1173 3863 1235 3929 orl)

220 3965 365 4030 Livius
387 3966 419 4049 2,
450 3967 489 4030 13
517 3987 632 4051 agrum
660 3966 745 4031 dono
772 3964 908 4052 dedere,
943 3989 1028 4053 quae
1059 3975 1173 4053 postea
1196 3983 1238 4029 su

89 4043 102 4055 ‘
135 4066 244 4130 nucu
265 4075 360 4149 prata
376 4065 549 4152 appellata.
571 4067 602 4148 a,
625 4068 668 4131 aa
682 4067 722 4131 a.
737 4066 913 4148 Quinctius
927 4076 1018 4133 trans
1032 4068 1175 4135 niueam
1188 4058 1238 4132 a]

135 4166 193 4232 bat
219 4189 335 4251 agrum
342 4215 351 4250 ,
381 4189 464 4253 quae
492 4177 586 4254 prata
613 4167 768 4248 Quinctia
796 4178 964 4236 vocantur.
997 4170 1029 4254 3,
1052 4171 1096 4236 54
1111 4168 1150 4235 'in
1170 4178 1238 4257 prot

135 4265 312 4332 Flaminiis
330 4306 372 4315 —
395 4290 491 4354 quem
513 4291 599 4333 nunc
622 4270 744 4336 circum
759 4270 960 4336 Flaminium
982 4270 1157 4360 appellant.
1177 4264 1238 4351 31

135 4387 255 4450 career,
279 4369 366 4454 quod
381 4370 580 4435 domicilium
596 4370 701 4456 plebis
717 4393 835 4437 vocare
851 4373 895 4438 sit
910 4374 1036 4440 solitus.
1059 4374 1091 4459 3,
1106 4375 1148 4441 34
1160 4372 1238 4438 dete

133 4467 319 4542 tabularum
340 4469 440 4558 leges,
468 4473 660 4558 qui—fons
684 4474 788 4538 omnis
811 4484 861 4539 est
883 4476 973 4546 iuria
994 4475 1027 4558 5,
1053 4475 1074 4542 8
1095 4497 1155 4542 neo
1176 4468 1238 4540 vei
