2850 5002
608 287 811 350 „58-

135 476 201 519 non
224 454 262 518 de
285 456 411 519 illorum
434 454 561 538 praeda,
584 455 638 519 sed
662 455 700 519 de
722 454 815 518 huius
838 454 993 519 maleficio
1017 455 1085 519 fieri
1108 455 1253 519 videretur

135 555 214 620 Hier
235 558 383 620 erwartet
405 577 479 619 man
501 576 570 639 suo,
593 557 670 620 aber
691 556 747 620 der
769 554 897 625 Redner
918 556 1007 641 giebt
1028 556 1062 619 in
1085 556 1157 621 dem
1172 556 1255 620 Fiual

135 661 221 721 satze
248 658 317 721 sein
345 656 474 741 eigenes
496 655 620 721 Urtheil
649 656 714 721 und
742 656 875 720 verldsst
903 657 965 720 den
988 655 1194 741 Standpunht
1218 657 1255 721 der

135 758 312 823 indirecten
341 757 439 822 Reda.
483 756 644 822 Aehnlich
672 756 797 822 verh'stlt
825 779 858 822 es
885 756 954 822 sich
987 758 1039 821 bei
1068 757 1134 823 Cic.
1165 759 1202 822 de
1225 780 1254 822 or

93 945 96 950 ⁴
137 861 152 922 1
178 864 207 941 ᾗ.
235 858 299 924 232
328 858 495 943 respondit
527 880 595 922 sese
628 859 779 923 meruisse
807 861 844 923 ut
871 859 1076 943 amplissimis
1104 858 1255 924 honoribus

135 964 168 1025 et
200 961 350 1045 praemiis
384 960 583 1024 decoraretur
616 963 649 1023 et
681 962 717 1024 ut
743 963 772 1025 11
801 960 922 1045 (besser
952 964 1036 1024 wire
1066 961 1143 1046 sihi)
1172 962 1255 1025 rictu

136 1061 313 1126 cotidianus
335 1062 370 1125 in
385 1060 543 1144 Prytaneo
565 1061 691 1144 publice
714 1063 928 1144 praeberetur.
972 1060 1064 1125 Eben
1080 1083 1116 1127 so
1133 1061 1255 1127 schlecht

136 1163 178 1226 ist
211 1163 261 1227 die
294 1161 459 1227 unsichere
487 1161 599 1226 Lesart
633 1162 672 1225 ad
700 1162 769 1225 Att.
801 1164 833 1225 ll
840 1211 850 1244 ,
878 1164 930 1246 23,
960 1167 975 1226 l
1012 1161 1165 1227 Camillus
1196 1162 1255 1231 mih

136 1264 266 1348 scripsit
296 1267 328 1328 te
360 1285 432 1328 cum
465 1284 498 1328 eo
530 1264 625 1347 (statt
655 1285 766 1346 secum,
800 1263 855 1328 Or.
888 1262 972 1328 nach
1006 1262 1090 1346 cdd.)
1124 1265 1253 1328 locutum

136 1364 353 1449 Aufgehoben
374 1365 417 1428 ist
439 1364 490 1429 die
512 1365 612 1427 oratio
635 1365 762 1448 obliqua
784 1364 823 1428 de
845 1364 897 1427 off.
924 1366 951 1447 1,
966 1365 1017 1447 30,
1043 1365 1102 1430 108
1125 1365 1255 1429 callidum

25 1480 28 1485 '
136 1466 258 1530 factum
281 1464 420 1548 Solonis,
453 1467 516 1549 qui,
544 1472 612 1548 ‘quo
645 1468 677 1529 et
709 1465 809 1530 tutior
840 1466 906 1529 vita
935 1468 1002 1531 cius
1034 1468 1118 1530 esset
1147 1472 1179 1531 et
1202 1466 1255 1550 plu:

128 1568 303 1651 aliquanto
332 1568 410 1650 reip.
442 1567 622 1650 prodesset,
651 1569 755 1631 furere
783 1587 816 1630 se
844 1567 1013 1631 simulavit.
1057 1565 1149 1632 Verr.
1177 1568 1204 1650 4,
1227 1567 1255 1631 3!

34 1668 40 1683 '
138 1669 192 1752 qui
219 1705 260 1716 -
289 1667 373 1752 apud
406 1689 455 1733 cos
488 1668 654 1732 coleretur.
699 1667 900 1732 Zweifelhatt
928 1667 965 1732 ad
995 1670 1065 1732 Att.
1098 1669 1147 1751 12,
1175 1668 1255 1747 28,;

137 1770 164 1833 si
197 1768 369 1834 Castricius
398 1806 437 1816 -
466 1770 635 1853 pecuniam
662 1768 805 1852 accipere
838 1769 924 1833 volet
956 1791 1090 1853 eamque
1123 1772 1152 1835 ci
1183 1771 1255 1849 (stat

135 1871 204 1950 1111,
233 1869 368 1935 welches
396 1869 487 1934 nicht
508 1869 731 1935 handschriitl.
755 1892 794 1932 zu
816 1869 885 1934 sein
907 1869 1047 1957 scheint)
1077 1870 1167 1935 solvi.
1207 1868 1255 1932 De

136 1971 355 2036 Deutlichheit
381 1993 494 2056 wegen
521 1970 612 2034 Brut.
642 1993 691 2054 ap.
722 1969 788 2035 Cic.
817 1970 893 2034 fam.
919 1972 968 2054 ll,
994 1973 1074 2035 111
1102 2009 1142 2018 -
1168 1969 1255 2034 nulla

136 2075 243 2157 partes
265 2075 309 2137 111
332 2072 503 2156 („ihne11“;
524 2073 585 2137 1111
606 2072 726 2136 11111111
743 2070 894 2156 Singular
909 2072 989 2155 sein)
1010 2073 1255 2157 relinquerentur

175 2176 182 2187 ⁴
220 2172 373 2258 Hfiufiger
400 2173 451 2237 bei
480 2172 639 2238 Caesar:
667 2173 698 2237 b.
725 2195 758 2257 g.
783 2175 811 2256 1,
834 2173 854 2237 5
882 2172 1076 2256 persuadent
1105 2169 1255 2258 (Helvetii

135 2274 288 2338 Rauracis
322 2311 360 2321 -
394 2275 441 2338 uti
478 2275 588 2339 eodem
625 2274 674 2338 usi
711 2274 843 2338 oonsilio
878 2273 1003 2357 oppidis
1039 2273 1105 2339 suis
1136 2273 1255 2355 vicisqu

136 2376 255 2440 exustis
284 2397 347 2438 una
375 2397 446 2440 cum
474 2377 517 2441 cc's
544 2376 795 2460 proficiscantur.
828 2374 899 2457 l‚·6
921 2375 972 2438 vel
1000 2375 1031 2438 vi
1054 2377 1212 2440 coacturos
1229 2392 1255 2435 u

136 2498 193 2560 per
227 2497 301 2540 suos
329 2475 566 2563 (Allobrogum)
595 2478 674 2541 fines
703 2496 752 2541 cos
780 2474 970 2560 (Helvetios)
1006 2475 1053 2539 ire
1081 2477 1255 2561 paterentur

53 2585 59 2597 '
139 2582 168 2660 1,
194 2580 230 2641 11
254 2576 378 2663 legatos
400 2578 439 2641 ad
462 2577 630 2643 Caesarem
659 2577 792 2642 11111111
813 2580 961 2661 rogatum
984 2577 1152 2642 auxilium:
1174 2576 1255 2640 itas

137 2680 222 2743 omni
250 2682 391 2764 tempore
414 2679 453 2743 de
474 2701 547 2763 pop.
571 2679 661 2745 Rom.
685 2678 814 2743 meritos
837 2699 915 2761 esse,
937 2679 1033 2741 ut-
1057 2678 1150 2742 liberi
1170 2694 1255 2742 coroa

136 2781 170 2844 in
201 2781 384 2845 servitutem
407 2781 532 2864 abduci,
561 2780 677 2864 oppida
699 2779 875 2863 expugnari
896 2800 961 2842 non
983 2778 1159 2845 debuerint.
1183 2780 1207 2860 l,
1229 2776 1255 2838 1·

136 2882 220 2966 quod
253 2903 286 2947 eo
324 2882 425 2945 invito
456 2882 517 2946 iter
548 2903 605 2965 per
636 2880 835 2964 provinciam
867 2901 924 2963 per
957 2880 1021 2944 vim
1052 2875 1255 2964 temptassent

141 2982 231 3066 1,35
260 2982 476 3067 Sequanisque
504 2982 704 3067 permitteret
730 2984 780 3063 ut,
809 3002 887 3064 quos
909 2981 957 3044 illi
978 2980 1145 3064 haberent,
1166 2980 1255 3044 volun

137 3086 203 3147 tate
225 3083 292 3148 eius
308 3083 438 3147 reddere
460 3085 524 3148 11111
547 3083 672 3169 (wegen
696 3082 750 3146 des
773 3104 877 3146 neuen
893 3082 1056 3166 Subjectes
1072 3083 1133 3166 1111)
1158 3077 1256 3146 liceret

139 3191 167 3266 1,
189 3184 229 3248 37
252 3183 378 3248 Haedui
399 3186 554 3267 questum,
579 3183 662 3267 quod
685 3182 831 3246 Harudes
853 3219 894 3229 —-
916 3183 996 3247 fines
1018 3205 1125 3249 corum
1146 3181 1255 3267 popula

140 3289 262 3350 rentur.
278 3287 309 3367 2,
329 3286 345 3347 1
369 3285 452 3368 quod
474 3287 659 3348 vererentur
680 3305 720 3348 11
742 3323 783 3334 —-
805 3284 843 3347 ad
867 3306 916 3350 cos
932 3285 1087 3350 exercitus
1102 3288 1206 3349 noster
1219 3276 1255 3345 ad

139 3387 312 3450 duceretur.
337 3386 367 3468 2,
394 3386 431 3449 11
460 3408 522 3469 quo
549 3385 674 3450 facilius
697 3386 906 3451 finitimorum
928 3385 1116 3469 equitatum,
1140 3386 1167 3450 si
1186 3400 1255 3468 prae

138 3486 234 3551 dandi
261 3509 356 3551 causa
384 3487 424 3550 ad
446 3487 501 3552 veos
528 3487 705 3570 venissent,
734 3486 934 3571 impedirent.
958 3487 989 3570 5,
1012 3486 1053 3551 27
1082 3486 1255 3571 quodquee

137 3586 346 3673 (Ambiorigi)
371 3590 402 3652 et
423 3588 508 3651 filius
531 3591 563 3652 et
583 3587 693 3652 fratris
715 3589 798 3651 filius
822 3588 861 3651 ab
876 3587 1010 3652 Caesare
1032 3587 1157 3652 remissi
1172 3603 1255 3650 essen

138 3693 218 3774 (was
240 3688 411 3753 besonders
435 3688 579 3754 schlecht
600 3690 651 3773 ist,
674 3690 715 3754 da
736 3689 814 3753 kurz
837 3710 933 3752 zuvor
954 3688 1054 3754 durch
1075 3692 1104 3755 et
1125 3687 1255 3753 1111111

137 3789 228 3852 nicht
258 3790 433 3872 Ambiorix,
463 3790 600 3854 sondern
628 3790 744 3856 Caesar
771 3789 957 3855 bezeichnet
986 3789 1091 3875 wird).
1120 3790 1151 3874 7,
1174 3791 1189 3853 l
1216 3787 1255 3851 im

136 3891 248 3975 primis
281 3891 439 3956 rationem
476 3914 545 3956 esse
582 3891 761 3957 habendam
795 3892 919 3974 dicunt,
958 3891 1145 3976 priusquam
1172 3906 1255 3956 corus

138 3992 339 4057 clandestina
368 3994 501 4057 consilia
529 3994 710 4076 efferantur,
739 3996 774 4056 ut
802 3992 921 4057 Caesar
948 3992 988 4056 ab
1016 3993 1159 4057 exercitu
1179 3991 1255 4056 11111

138 4094 297 4159 cludatur.
315 4132 352 4142 —
371 4095 515 4160 Seltener
536 4093 636 4158 findet
658 4093 725 4157 sich
749 4092 951 4177 dergleichen
967 4094 1011 4157 im
1026 4093 1154 4158 Bellum
1169 4089 1255 4158 cirsse

139 4197 166 4278 1,
188 4196 209 4258 2
237 4196 350 4260 timere
373 4195 542 4261 Caesarem
572 4196 688 4280 ereptis
711 4196 751 4259 ab
773 4215 806 4259 eo
829 4194 951 4258 duabus
973 4194 1154 4280 legionibus
1175 4212 1255 4259 111Ι

137 4299 203 4361 eius
230 4297 406 4380 pericuh'rm
435 4318 594 4361 reservare
623 4300 655 4360 et
682 4297 818 4387 retinere
840 4318 893 4361 eas
916 4296 956 4360 ad
978 4296 1088 4361 urbem
1110 4292 1255 4378 Pompeio

137 4396 309 4462 videretur.
328 4401 356 4482 1,
372 4399 414 4464 35
435 4419 567 4482 quorum
590 4399 669 4462 alter
691 4420 785 4483 agros
811 4437 845 4446 -
870 4398 997 4482 publice
1019 4399 1064 4464 ets
1079 4392 1255 4464 concesseri-
