2804 4996
558 341 768 405 -67-

91 526 95 535 ·
138 531 200 573 orare
218 512 315 595 patres
343 509 556 592 conscriptos,
586 510 613 572 si
641 531 699 573 sua
726 508 827 573 classe
855 531 973 591 suaque
1001 512 1168 593 operanti
1193 514 1233 574 ad

136 606 330 676 Macedonicum
362 609 482 674 bellum
517 609 645 692 vellent,
685 611 851 674 mitterent
885 610 946 693 ipsi
974 611 1167 694 praesidium
1195 612 1235 674 ad
1359 651 1365 661 ·

134 733 229 796 reguum
253 714 318 777 eius
346 712 403 794 (=
424 715 532 794 suum)
561 711 745 795 tutandum,
779 711 807 774 si
835 711 868 774 id
894 710 1166 794 nollent,‚ipsum
1195 716 1234 774 ad

133 834 170 876 ua
184 812 370 878 defendenda
392 834 464 876 cum
487 812 588 876 classe
610 833 647 876 ac
662 812 791 894 reliquis
808 813 908 895 copiis
923 811 1026 875 redire
1041 815 1234 894 paterentur.

189 914 280 1001 1.,35.
304 913 372 978 Das
394 912 828 996 Possessivpronomen
856 913 943 977 steht
965 912 1134 994 scheinbar
1156 916 1235 976 statt

132 1015 190 1078 ebes
205 1014 552 1098 Personalproncmens
575 1015 677 1095 (meus
699 1045 741 1067 =
763 1035 782 1077 a
803 1016 890 1097 mel:
925 1013 1007 1078 010.
1030 1015 1105 1077 fam.
1120 1013 1152 1094 4,
1169 1014 1232 1095 9,1

129 1116 175 1178 uiue
195 1116 267 1180 meis
295 1116 412 1179 litteris
434 1137 506 1179 eum
529 1113 570 1177 ad
592 1116 624 1178 te
646 1114 753 1178 venire
775 1114 864 1178 nolui
887 1114 1007 1198 („0hne
1030 1115 1123 1179 einen
1146 1113 1234 1177 Briel

129 1236 170 1279 rou
189 1217 290 1302 mir.“)
322 1217 372 1298 15,
404 1218 453 1298 17,
481 1219 502 1279 4
530 1236 591 1298 ego
619 1237 783 1298 nunquam
810 1237 1002 1306 quemquam
1029 1215 1069 1279 ad
1098 1218 1140 1298 te,
1164 1237 1236 1278 cum

127 1317 202 1399 seim,
223 1319 293 1381 sine
315 1317 395 1381 meis
417 1316 533 1379 litteris
555 1317 602 1379 ire
623 1316 738 1399 patiar.
763 1315 802 1379 ad
825 1318 892 1380 Att.
919 1320 947 1399 1,
973 1317 1012 1381 13
1034 1316 1143 1399 accepi
1164 1319 1236 1379 tuas

126 1416 242 1481 tisiam
269 1417 435 1501 epistulae.
458 1419 487 1494 7,
509 1418 530 1480 5
551 1417 667 1480 multas
696 1439 760 1480 uno
789 1421 931 1500 tempore
953 1418 1061 1500 accepi
1083 1417 1236 1500 epistulas

126 1521 180 1582 tuus.
204 1519 250 1598 12,
283 1519 324 1582 12
351 1521 386 1582 ut
413 1517 536 1582 eliciam
563 1521 635 1581 tuas
663 1517 797 1582 litteras.
829 1518 920 1600 12,6
949 1521 1122 1601 occupatus
1145 1519 1235 1581 asin

126 1639 173 1682 neo
199 1619 325 1704 quidem
360 1620 495 1683 fortasse
522 1619 630 1702 aliquo
657 1620 801 1703 negotio.
829 1656 872 1666 —
901 1619 980 1682 Liv.
1010 1621 1062 1703 31,
1090 1620 1131 1683 31.
1162 1641 1234 1683 cum

125 1721 218 1802 unguis
239 1719 359 1784 nostris
382 1719 524 1784 cladibus
547 1719 842 1804 („unsererseits“).

182 1825 207 1902 ξ.
229 1822 280 1886 36.
304 1820 421 1886 Noster
447 1824 606 1903 81011090
634 1821 759 1884 kommt
787 1821 860 1885 sehr
889 1822 991 1885 selten
1020 1821 1084 1884 und
1113 1843 1174 1884 nur
1202 1822 1234 1884 iu

124 1918 270 1987 lonischer
291 1922 483 2007 Bedeutung
504 1944 576 1986 vor:
599 1920 703 1986 Plaut.
728 1921 809 1997 Rud.
832 1923 863 2004 4,
888 1923 916 2003 7,
943 1923 981 1987 19
1011 1924 1151 1985 minume
1174 1922 1233 1985 hoc

125 2020 193 2086 faciet
204 2027 313 2088 noster
327 2023 519 2088 Daemones.
564 2022 644 2087 Hor.
666 2027 725 2088 sat.
748 2025 780 2107 2,
803 2023 832 2106 6,
854 2024 896 2087 48
920 2023 1090 2086 subiectior
1112 2023 1146 2086 in
1169 2022 1235 2086 dies

125 2122 254 2190 ethoram
276 2125 416 2190 invidiae
438 2128 557 2190 noster.

453 2282 502 2358 ἶ1).
529 2293 867 2359 Demonstrativa.

185 2416 209 2493 ξ.
231 2415 283 2479 37.
306 2413 569 2478 Pleonasmus
597 2412 652 2477 des
674 2411 939 2478 Demonstrativs.
982 2412 1020 2477 Is
1041 2414 1157 2496 (selten
1186 2415 1236 2478 110
1326 2394 1329 2400 .

155 2511 286 2600 didere)
319 2512 407 2578 steht
438 2512 653 2597 pleonatisch,
688 2536 742 2577 um
775 2514 827 2577 ein
859 2515 901 2578 in'
928 2514 1113 2578 demselben
1141 2515 1233 2580 Satze

84 2652 88 2663 ·
126 2615 366 2702 voraufgehendes
395 2613 580 2680 Substantiv
607 2614 864 2678 hervorauheben
893 2615 970 2678 oder
1000 2637 1038 2677 au
1061 2618 1233 2679 vertreten:

126 2706 183 2779 610.
206 2717 281 2782 fam.
314 2717 363 2799 15,
385 2716 455 2799 2,1
486 2716 639 2799 Penthea,
668 2716 696 2779 81
726 2754 762 2764 -
793 2719 1001 2799 conarentur,
1029 2716 1089 2779 iter
1118 2736 1167 2781 eos
1193 2755 1235 2767 —-

127 2830 172 2878 csse
192 2817 337 2884 facturos.
382 2816 461 2880 Liv.
488 2817 516 2901 1,
541 2817 580 2881 19
607 2817 719 2881 urbem
740 2839 866 2900 novam,
889 2816 1052 2880 conditam
1074 2816 1105 2880 vi
1128 2820 1231 2880 et-ar-

126 2913 177 2998 mil,
203 2920 268 2984 iure
301 2940 372 2984 coru
404 2918 589 3003 legibusque
622 2939 659 2982 ac
691 2919 832 2983 moribus
865 2918 904 2981 de
937 2919 1062 3001 integro
1097 2917 1233 2981 condere

127 3022 196 3090 parat.
224 3023 252 3104 l,
273 3021 317 3084 49
346 3019 478 3084 Octavio
510 3019 652 3083 Mamilio
684 3056 721 3066 —
753 3020 782 3083 ei
804 3019 949 3083 Mamilio
976 3018 1075 3081 filiam
1097 3022 1233 3100 nuptum

128 3109 169 3180 lut
187 3121 211 3204 3,
231 3122 273 3187 58
304 3120 467 3205 Claudius,
495 3120 549 3202 qui
571 3157 613 3166 -
635 3142 669 3184 80
691 3123 878 3202 contulerat,
907 3121 1015 3184 18011.
1039 3120 1070 3202 5,
1094 3119 1134 3183 37
1158 3119 1231 3182 civi-

126 3211 165 3295 bs,
187 3242 260 3304 quae
285 3260 319 3270 -
346 3222 487 3305 dixisset,
515 3243 553 3287 eo
574 3225 630 3285 ctt.
659 3221 689 3303 6,
716 3221 758 3286 26
787 3243 909 3304 pacem,
937 3243 1031 3304 quam
1059 3240 1119 3283 nos
1147 3242 1235 3303 prae·

128 3314 250 3408 surmus,
282 3345 353 3388 eam
384 3345 403 3387 a
429 3322 517 3387 vobis
545 3322 692 3406 petimus.
715 3321 767 3404 29,
794 3323 833 3386 15
862 3322 1003 3386 colonias
1025 3321 1157 3385 Latinas
1179 3322 1235 3385 du·

128 3415 227 3508 ⁰lecim,
256 3446 337 3508 quae
366 3463 407 3473 -
437 3424 624 3488 abnuissent
643 3423 769 3487 'milites
797 3423 882 3507 dare,
910 3444 963 3488 eus
991 3426 1047 3487 011.
1078 3423 1108 3507 6,
1133 3423 1182 3505 19,
1204 3424 1234 3486 4.

127 3515 225 3611 Anuog
251 3525 333 3591 auch
356 3527 412 3590 das
434 3525 563 3589 Adverb
590 3545 640 3589 eo:
661 3525 713 3608 25,
736 3523 775 3588 27
805 3524 839 3587 in
867 3522 952 3588 haud
980 3545 1097 3613 magna
1119 3524 1236 3608 oppida

127 3649 153 3662 *
168 3645 194 3688 eo
212 3631 265 3692 011.
289 3626 387 3713 (doch
409 3627 483 3691 liest
498 3625 677 3690 Weissenb.
700 3624 839 3710 anders).
884 3624 984 3690 Nicht
1005 3625 1062 3689 auf
1082 3627 1134 3688 ein
1156 3624 1235 3690 Sub·
1347 3657 1349 3660 .

127 3719 221 3810 sulti,
249 3728 389 3803 sondern
417 3727 474 3791 auf
492 3728 543 3792 bio
564 3725 836 3790 zurticlrwcisend:
855 3727 883 3810 1,
904 3726 946 3790 26
968 3725 1119 3808 huncine,
1142 3747 1235 3809 quem

128 3823 262 3911 1110do—,
285 3849 357 3894 eum
379 3828 438 3892 sub
460 3828 550 3892 furca
572 3827 716 3891 vinctum
740 3830 796 3892 ctt.

185 3927 332 4008 11101810
354 3928 419 3993 und
441 3930 493 3994 illc
514 3927 653 3993 nahmen
676 3929 728 3992 ein
750 3927 1024 4013 voraufgehendes
1046 3930 1101 4009 qui
1117 3927 1235 3992 wieder

128 4021 171 4104 111,
187 4029 257 4093 aber
277 4051 341 4094 nur
360 4051 415 4094 um
437 4030 530 4094 einen
553 4029 732 4114 Gegensatz
754 4030 1029 4093 hervorzuheben:
1058 4028 1125 4093 cic.
1149 4027 1233 4111 legg.

130 4113 179 4197 3‚2
196 4151 244 4194 ecs
267 4133 332 4214 qui,
361 4133 397 4193 ut
418 4130 465 4194 illi
488 4130 688 4213 caelestibus,
717 4131 762 4195 sic
784 4132 819 4195 bi
840 4131 1046 4195 adversentur
1067 4129 1234 4213 magistra·

130 4216 195 4291 llus.
219 4254 248 4315 p.
276 4233 373 4296 domo
399 4232 441 4294 42
463 4253 525 4314 quo
548 4230 651 4314 magis
675 4232 723 4294 081
745 4231 833 4296 furor
854 4232 945 4296 istius
968 4232 1009 4295 ab
1031 4231 1160 4294 auribus
1185 4251 1234 4294 ve-

131 4321 181 4388 llss'u
206 4332 403 4416 repellendus
410 4381 420 4416 ,
448 4335 518 4415 qui,
554 4353 633 4415 quae
661 4333 797 4397 maiores
827 4372 868 4381 —
896 4333 1078 4415 voluerunt,
1115 4354 1152 4395 aa
1179 4333 1236 4395 1810

132 4451 158 4468 *
181 4429 386 4521 labefactavit.
425 4421 473 4498 ‹le'
497 4456 541 4499 or.
577 4434 616 4516 2,
651 4434 694 4497 30
728 4435 830 4520 10008,
866 4437 931 4517 qut,
967 4438 1003 4498 ut
1037 4422 1161 4498 litterae
1196 4432 1235 4495 ad

998 4536 1033 4590 5*
