2850 5002
427 236 776 350 .-l25-

113 453 145 495 e
176 456 304 500 monere
327 444 359 500 te
381 434 499 520 audeo,
523 437 701 523 praestanti
724 437 900 523 prudentia
921 438 1045 522 virum,
1076 463 1136 506 nec
1158 463 1235 505 con·-

112 552 218 599 mare
244 537 382 601 maximi
402 538 504 603 animi
525 538 690 603 hominem
711 560 874 625 unumque
895 539 1119 606 fortissimum.
1165 543 1231 607 Da-

112 653 193 718 egen
214 638 409 703 bezeichnet
430 640 489 704 der
503 638 639 704 Ablativ
659 638 713 703 die
736 639 1026 725 voriibergohende
1047 641 1233 729 Stimmung

112 755 134 797 >t
162 739 239 804 bono
261 741 369 806 animo
391 761 453 807 esse
476 743 607 827 (‚,gutes
629 740 760 805 Muthes
783 741 899 825 sein.“)

172 839 267 905 Caes.
277 841 311 910 b.
319 864 352 926 g.
364 841 394 924 3,
405 841 487 906 5vir
499 850 532 906 et
544 841 669 925 consilii
681 843 790 924 magni
803 851 835 906 et
846 841 979 907 virtutis
991 844 1050 927 (sc.
1066 846 1232 930 magnae).

120 941 188 1017 ,16
210 942 314 1006 omnis
337 943 507 1025 iuventus,
530 964 641 1009 omnes
664 943 761 1007 etiam
788 943 948 1027 gravioris
972 945 1099 1009 aetatis.
1129 945 1167 1027 5,
1189 946 1232 1011 54

112 1059 170 1120 ,uae
192 1052 243 1108 est
258 1043 376 1109 civitas
397 1044 557 1132 imprimis
572 1045 667 1109 firma
683 1054 714 1108 et
736 1065 874 1130 magnae
895 1046 980 1110 inter
995 1044 1107 1111 Gallos
1123 1058 1230 1113 aucto·
1306 1053 1311 1060 '

112 1139 203 1208 itatis.
248 1144 344 1210 Eben
365 1167 401 1210 so
424 1146 484 1210 mit
506 1146 580 1211 dem
595 1144 742 1210 Verbum
763 1147 890 1212 bobert:
905 1148 943 1231 1,
966 1148 1005 1212 11
1028 1148 1081 1214 hic
1104 1171 1229 1215 summo

112 1244 301 1311 nArvernis
324 1255 415 1312 ortus
438 1247 508 1311 loco
531 1255 564 1312 et
584 1269 722 1332 magnae
746 1246 876 1312 habitus
901 1250 1115 1314 auctoritatis.

118 1432 130 1464 ³
171 1343 249 1412 Sall.
280 1346 357 1432 Jug.
388 1349 414 1414 1,
435 1346 599 1414 imbecilla
624 1358 722 1436 atque
754 1349 828 1413 aevi
863 1349 973 1415 brevis
1002 1349 1133 1433 (natura
1159 1350 1227 1416 scil.

112 1447 197 1530 υσα).

168 1548 200 1612 3.
244 1548 319 1613 Liv.
345 1550 372 1633 l,
394 1538 436 1614 39
457 1549 585 1615 iuvenis
608 1550 715 1616 evasit
736 1572 813 1617 vere
835 1549 954 1615 indolis
976 1553 1096 1637 regiae.
1133 1553 1164 1635 2,
1187 1552 1229 1618 23

112 1649 228 1736 ‚ppius,
257 1649 459 1716 vehementis
487 1651 610 1735 ingenii
632 1653 694 1716 vir.
729 1653 766 1736 3,
789 1652 829 1716 57
859 1673 977 1716 corona
1006 1675 1106 1718 aurea
1134 1656 1228 1738 parvi

112 1751 246 1816 anderis.
276 1752 307 1835 6,
326 1753 363 1816 11
386 1751 493 1816 famae
514 1774 652 1836 magnae
675 1773 754 1817 esse.
786 1754 814 1826 6,
828 1753 870 1817 22
886 1763 1016 1819 exactae
1031 1754 1096 1819 iam
1111 1757 1227 1823 aetatis
1343 1778 1346 1785 ·

112 1851 243 1917 amillus
271 1861 350 1918 erat.
388 1853 423 1934 6,
445 1853 487 1918 32
516 1876 690 1940 prosperae
719 1855 789 1940 spei
816 1876 936 1941 pugna.
974 1855 1032 1938 38,
1055 1856 1076 1919 4
1104 1855 1227 1921 consuli

112 1954 195 2039 agni
217 1956 326 2042 operis
349 1957 549 2042 oppugnatio
572 1957 724 2020 6166661.
762 1956 819 2035 44,
841 1955 899 2036 46,
924 1958 941 2020 7
965 1979 1023 2042 per
1052 1956 1227 2022 facillimae

112 2054 252 2120 rstodiae
273 2065 416 2143 pontem.
461 2057 620 2142 Dagegen
649 2056 693 2120 ist
716 2057 855 2121 Genetiv
884 2057 941 2121 der
963 2056 1226 2143 Angehbriglreit

112 2179 123 2222 r
145 2158 306 2222 statuiren
326 2157 361 2221 in
381 2156 560 2242 folgenden
581 2154 719 2223 Stellen:
742 2157 795 2237 36,
818 2158 860 2222 35
882 2157 933 2221 sui
954 2161 1097 2223 maxime
1119 2161 1224 2246 operis

112 2279 153 2322 se
175 2259 312 2323 credens
336 2258 392 2344 (=
414 2281 507 2323 suum
531 2259 625 2343 esse.)
663 2256 805 2339 Andem,
829 2281 884 2322 um
906 2259 958 2323 die
974 2260 1226 2348 Parteistellung

112 2382 122 2424 ι
143 2359 357 2425 bezeichnen:
394 2359 446 2439 42,
468 2359 558 2444 30,4
579 2382 654 2447 pars
678 2354 781 2424 altera
803 2361 912 2444 regiae
935 2360 1132 2427 adulationis
1156 2374 1226 2429 erat

112 2460 253 2546 ‚gehorte
274 2484 317 2526 zu
339 2459 403 2525 den
418 2460 660 2527 Schmeichlern
682 2460 739 2526 des
754 2461 932 2545 Konigs“.)
962 2462 1061 2528 Ibid.:
1085 2463 1224 2528 Perseus

113 2564 185 2648 agis
207 2584 306 2627 aurae
320 2561 485 2650 popularis
502 2570 580 2627 erat.
610 2562 704 2628 Noch
720 2561 898 2628 deutlicher
913 2564 947 2628 in
968 2563 1090 2628 diesem
1107 2563 1222 2630 Sinne:

112 2665 137 2746 1,
163 2663 219 2746 14,
243 2665 261 2728 7
284 2663 377 2750 plebs
399 2685 573 2744 novarum,
596 2673 633 2727 ut
655 2663 750 2745 solet,
777 2685 886 2729 rerum
907 2673 1005 2749 atque
1028 2665 1223 2750 Hannibalis
1305 2673 1310 2681 '

113 2773 148 2829 ta
169 2764 245 2829 fuit.
269 2800 310 2811 -—
330 2764 589 2849 Ungewdhnlich
604 2766 648 2830 ist
668 2766 726 2829 der
741 2763 877 2853 Ablativ
898 2786 1044 2831 numero:
1066 2767 1117 2848 24,
1134 2766 1221 2850 36,1

112 2864 205 2951 rplici
219 2864 321 2952 facile¹
331 2887 464 2953 numero
479 2865 618 2931 classem
635 2865 831 2931 habentibus
847 2867 1002 2931 Romanis
1020 2866 1223 2952 (verglichen

113 2965 156 3030 ir:
186 2966 298 3031 classis
322 2954 449 3032 centum
473 2968 632 3050 navium.)
676 2967 753 3032 Und
781 2976 860 3045 statt
888 2967 945 3031 des
969 2967 1052 3032 Gen.
1076 2972 1223 3034 momenti

113 3067 139 3132 it
160 3067 266 3132 einem
288 3067 367 3156 Adj.
399 3069 501 3153 („von
523 3068 776 3153 Wichtigkeim)
805 3068 892 3133 steht
919 3069 1002 3133 auch
1031 3069 1089 3133 der
1110 3069 1221 3134 Nomi-

112 3160 188 3232 111νὲ
210 3168 300 3252 21,4
319 3179 356 3233 ut
378 3178 471 3255 pater
492 3171 527 3234 in
549 3192 584 3234 se
606 3172 775 3234 minimum
796 3162 994 3235 momentum
1010 3169 1053 3234 ad
1075 3169 1221 3235 favorem

112 3268 320 3335 ›nciliandum
348 3280 444 3339 esset.
480 3271 536 3352 28,
562 3272 599 3336 11
630 3293 783 3355 magnum
816 3271 851 3334 in
884 3272 992 3336 omnia
1022 3282 1219 3336 momentum

112 3370 217 3458 yphax
239 3379 318 3436 erat.
355 3371 408 3452 40,
431 3371 482 3452 21,
506 3371 536 3436 2.
559 3371 612 3455 42,
634 3371 687 3455 45,
711 3372 740 3436 8.

160 3471 192 3536 4.
242 3474 314 3537 Aus
347 3472 560 3560 Spateren:
601 3472 688 3539 Suet.
713 3473 849 3539 06116
882 3473 948 3538 cibi
981 3475 1107 3546 minimi
1140 3487 1220 3542 erat.

112 3573 188 3638 alba
208 3572 251 3637 22
273 3573 339 3638 cibi
360 3573 491 3660 plurimi
506 3573 655 3639 traditur.
686 3573 773 3660 (Vgl.
790 3575 874 3639 oben
889 3597 947 3640 aus
965 3576 1103 3660 Cicero.)
1135 3578 1219 3643 Gell.

121 3674 152 3759 2,
168 3675 189 3739 6
203 3675 367 3739 hominem
385 3713 423 3721 -
438 3673 520 3739 nulli
535 3675 593 3743 rei.
622 3676 653 3758 6,
672 3676 711 3743 15
725 3675 820 3740 homo
835 3675 928 3741 multi
943 3678 1051 3742 studii.
1081 3679 1219 3765 Capitol.
1247 3674 1250 3679 ’

112 3797 153 3844 er.
183 3776 205 3840 4
233 3776 338 3841 somni
366 3777 429 3840 fuit
460 3776 655 3863 permodici,
690 3775 883 3861 digestionis
915 3778 1100 3844 facillimae.
1135 3779 1218 3866 ch.

112 3876 173 3942 rob.
205 3876 245 3940 12
279 3877 462 3962 Statianus,
500 3878 556 3964 qui
592 3880 717 3964 primae
750 3879 931 3944 sententiae
967 3889 1037 3944 erat
1072 3878 1156 3964 (scil.
1184 3880 1218 3944 in

112 3979 215 4062 natu).

158 4078 190 4143 5.
236 4077 362 4145 Hbchst
394 4072 644 4166 ungewohnlieh
677 4081 744 4146 und
777 4081 940 4146 durchaus
968 4081 1216 4147 nachklassisch

112 4189 120 4245 t
140 4180 200 4245 der
223 4180 307 4246 Gen.
329 4180 493 4267 qualitatis
516 4182 615 4247 ohne
637 4183 842 4249 Attribut:
876 4181 974 4269 Apul.
997 4183 1082 4270 apol.
1105 4206 1153 4271 cp.
1176 4185 1217 4250 75

112 4304 171 4348 »mo
199 4282 306 4347 iustus
335 4292 367 4347 et
393 4304 529 4349 morum.
567 4283 750 4370 Symmach.
777 4287 809 4365 1,
833 4284 875 4348 12
902 4283 996 4349 homo
1024 4285 1215 4351 litterarum.

112 4404 148 4447 ur
176 4381 351 4450 scheinbar
377 4382 604 4449 abweichend:
642 4385 757 4450 Lucan
778 4385 812 4467 6,
835 4384 896 4449 301
924 4384 1005 4451 felix
1031 4395 1072 4452 'ac
1100 4385 1214 4471 libera,
