2850 5002
591 318 637 365 ¹-
682 316 745 382 274
790 358 828 369 -

223 471 255 535 b.
278 470 347 534 Der
369 469 583 534 Iudicativ
606 491 671 532 von
687 471 801 551 deddc,
826 475 963 552 deteriore
976 470 1045 534 und
1060 470 1121 533 der
1137 470 1251 536 Gorur

139 571 334 636 diviorm:
359 571 427 635 eie.
457 570 551 636 Vorr.
581 572 610 652 3,
634 572 675 635 53
704 582 737 635 at
766 570 864 635 debet
892 593 950 635 nos
982 571 1138 637 certiores
1165 572 1251 636 facer

138 694 201 758 quo
224 681 320 757 pacto
348 694 382 736 se
405 673 524 737 habeat
545 673 725 758 provincia.
771 673 888 752 Debet,
911 683 1137 738 verumtamen
1151 696 1251 738 nono

138 773 235 857 gitur.
259 774 290 857 4,
315 774 334 837 9
363 774 396 837 hi
425 783 456 837 te
478 774 625 837 homiues
648 773 841 839 auctoritate
865 797 923 839 sua
951 773 1141 859 sublevent3
1173 776 1251 860 qui⁴

137 896 242 960 neque
265 874 386 939 debent
407 874 575 956 adiuvare,
600 875 627 939 si
650 876 787 961 possint,
811 898 916 961 neque
938 885 1094 962 possunt,
1118 877 1145 939 si
1170 875 1251 939 velin

137 975 236 1040 Rosa.
260 978 334 1042 Am.
361 976 399 1039 19
422 975 501 1038 illud
532 974 680 1061 quidem,
712 976 855 1042 voluisse
882 978 1101 1059 exheredare,
1135 987 1251 1041 certet

138 1077 270 1164 planum
293 1078 401 1140 facere
424 1076 534 1139 debes

130 1217 131 1220 =
223 1179 292 1242 Das
315 1179 467 1265 Imperi
474 1189 603 1242 ectum
627 1180 736 1242 dieser
750 1179 862 1245 Verba
877 1180 933 1245 hat
948 1180 1139 1245 schwerlirh
1151 1179 1251 1268 jenral

138 1281 200 1344 wie
217 1285 363 1363 poteram
385 1279 451 1343 und
469 1281 546 1362 ἔδει,
571 1280 931 1366 Praesensbedeutung,
955 1282 1098 1347 sondern
1114 1283 1156 1346 ist
1171 1283 1203 1345 in
1217 1281 1251 1344 d«

138 1380 267 1445 hierhcr
288 1403 475 1466 gezogenen
499 1381 621 1446 Stellen
644 1382 692 1446 als
716 1382 932 1447 Praeteritum
955 1382 1175 1447 aufzufassen.
1212 1382 1251 1447 Oi

139 1482 206 1547 div.
228 1483 259 1564 2,
282 1484 334 1564 43,
359 1485 394 1547 91
422 1485 588 1546 oculorum
611 1482 821 1549 tallacissiuro
845 1507 942 1548 sensu
957 1484 1106 1548 iudicant
1127 1507 1176 1564 ea,
1198 1507 1245 1571 qu

138 1585 264 1648 ratione
287 1594 381 1666 atque
404 1588 510 1649 animo
533 1584 644 1649 videre
669 1585 842 1650 debebant.
886 1587 994 1650 Docet
1017 1588 1103 1649 enim
1117 1587 1198 1650 ratio
1212 1609 1251 1649 in

138 1687 405 1766 thematicorum,
436 1709 533 1771 quam
562 1686 634 1749 istis
662 1697 773 1751 notam
804 1708 876 1751 esse
904 1688 1078 1773 oportebat
1108 1696 1164 1751 ott.
1212 1688 1251 1751 D

140 1787 219 1851 Sinn
243 1787 286 1851 ist
308 1786 407 1851 wohl:
432 1786 502 1850 dies
527 1795 613 1850 uitro
635 1786 745 1872 ltingst
767 1788 881 1873 ndthig
904 1811 1064 1872 gewesen.
1087 1788 1178 1852 Lael.
1193 1792 1222 1869 ξ.
1248 1802 1251 1817 ·

137 1910 291 1974 peccasse
320 1889 405 1952 enim
435 1911 469 1952 sc
496 1909 562 1951 non
589 1901 771 1973 anguntur,
800 1890 967 1974 obiurgari
995 1889 1132 1954 moleste
1157 1891 1251 1953 serut

137 1991 224 2076 quod
253 1999 365 2056 contra
394 1990 579 2076 oportebat,
610 1990 728 2054 delicto
756 1990 879 2073 dolere,
911 1992 1111 2056 correctione
1139 1992 1251 2075 gaude

138 2093 185 2175 (d.
209 2092 241 2154 h.
266 2091 374 2157 davon
397 2092 488 2155 hatte
511 2090 580 2155 sich
603 2091 662 2155 das
686 2092 883 2176 Gegenthcil
904 2093 1071 2177 gebiihrt).
1122 2093 1206 2157 Sen.
1227 2112 1251 2153 ε

137 2194 189 2274 87,
218 2194 237 2256 o
266 2193 353 2257 idem
381 2195 416 2257 in
443 2191 575 2278 reliquis
605 2215 731 2279 quoque
764 2194 872 2258 faeere
906 2194 1096 2277 debebatis,
1128 2204 1251 2258 excute

137 2304 294 2379 quantum
317 2296 453 2382 quisquc
475 2293 603 2358 habeat.
654 2294 845 2359 Deutlieher
872 2296 915 2359 ist
938 2294 992 2358 die
1014 2295 1203 2381 Beziehuug
1221 2316 1251 2359 a

137 2395 190 2458 dic
218 2396 485 2481 Vergangenheit
521 2394 589 2459 Cio.
618 2419 649 2463 n.
679 2396 710 2460 d.
738 2396 769 2474 3,
798 2396 840 2461 32
874 2396 1039 2461 debebant
1072 2396 1121 2462 illi
1150 2396 1251 2484 quide

137 2497 214 2581 (dii)
239 2519 348 2561 omnes
372 2498 474 2561 bonos
499 2497 644 2579 efficere,
673 2498 700 2562 si
728 2498 859 2580 quidem
881 2498 1047 2563 hominum
1073 2501 1251 2583 generice

137 2596 299 2663 sulcbant.
325 2599 403 2664 fam.
429 2600 455 2678 1,
483 2600 510 2682 1,
533 2599 554 2661 4
576 2600 604 2661 si
626 2609 712 2663 esset
734 2599 830 2663 iniis
853 2599 946 2682 fides,
969 2602 1004 2664 in
1018 2600 1140 2687 quibus
1156 2620 1251 2665 sumt.

137 2722 207 2764 esse
237 2700 393 2782 debebat,
421 2722 486 2764 non
515 2700 746 2765 laboraremus.
796 2701 890 2765 Verr.
915 2703 935 2766 3
957 2704 988 2783 ἓ.
1013 2703 1072 2767 127
1101 2701 1251 2788 opor-reb:

136 2824 166 2864 n.
189 2804 219 2866 d.
246 2804 260 2865 1
286 2807 315 2883 §-
340 2804 380 2867 89
403 2802 480 2888 quid
505 2803 691 2884 operuerat?
726 2803 788 2867 Mit
803 2801 878 2866 dem
894 2803 1191 2868 Gerundirum:
1215 2803 1251 2866 le

135 2908 219 2967 Man.
246 2905 283 2969 17
307 2905 424 2989 quodsi
447 2905 569 2967 Romae
586 2906 647 2971 Gn.
664 2904 837 2989 Pompeius
860 2905 1007 2991 privatus
1030 2911 1107 2971 esset
1128 2905 1188 2971 hoc
1202 2915 1251 2970 ter

136 3027 225 3091 pore,
248 3016 357 3070 tamen
381 3005 423 3070 ad
445 3015 572 3069 tantum
594 3004 716 3069 bellum
739 3007 766 3069 is
789 3011 857 3070 erut
879 3006 1072 3091 deligendus
1095 3017 1249 3091 atquem

136 3108 253 3171 tendus
277 3109 326 3193 (er
348 3106 438 3172 hatte
461 3107 560 3172 sehon
583 3106 691 3191 lttngst
712 3107 855 3193 gewithlt
877 3110 1009 3173 werden
1024 3113 1180 3194 niiissen).
1203 3110 1251 3175 Se

137 3231 186 3295 cp.
212 3209 262 3292 76,
285 3209 327 3272 20
348 3232 413 3273 non
437 3219 507 3273 erat
529 3208 725 3290 faciendum,
750 3211 778 3274 si
801 3219 887 3274 esset
909 3219 966 3279 ctt.
1010 3210 1111 3276 Kann
1133 3210 1180 3277 als
1202 3210 1251 3275 Gr*

136 3320 318 3396 genwart
339 3311 465 3395 gcfasst
493 3311 639 3394 worden,
670 3311 732 3376 wie
759 3313 842 3376 auch
872 3333 921 3398 ep.
944 3312 995 3394 88,
1018 3312 1061 3377 32
1083 3334 1166 3400 quae
1188 3332 1250 3376 era

52 3438 55 3443 ·
136 3412 345 3495 dediscenda,
369 3414 397 3475 si
420 3414 535 3478 scires.¹

221 3514 291 3577 Das
319 3513 569 3580 Perfectum:
601 3514 697 3580 Tusc.
720 3516 751 3598 4,
776 3516 813 3579 17
840 3516 1040 3582 moderatius
1069 3517 1169 3602 igitur
1193 3514 1251 3579 fer

137 3615 260 3680 debuit.
305 3616 399 3681 Verr.
420 3618 450 3699 4,
474 3618 505 3701 9,
528 3618 568 3681 21
593 3638 709 3681 navem
733 3618 892 3703 imperare
917 3639 957 3682 ex
980 3618 1114 3684 foedere
1137 3615 1251 3684 debris

138 3719 186 3801 (es
211 3739 277 3781 war
300 3717 396 3782 deinc
418 3718 569 3802 Pfiicht);
599 3719 753 3783 remisisti
780 3720 815 3782 in
837 3721 1023 3785 triennium.
1052 3720 1130 3784 fam.
1155 3722 1202 3800 14,
1228 3716 1249 3779 1

134 3821 209 3887 Liv.
231 3822 261 3902 5,
284 3822 304 3882 4
326 3829 468 3885 autnon
492 3821 614 3905 suscipi
641 3819 764 3885 bellum
790 3821 934 3907 oportuit
955 3833 1013 3887 aut
1035 3823 1106 3908 geri
1127 3845 1184 3908 pro
1205 3814 1251 3889 di:

134 3925 237 3987 nitate
265 3922 376 4009 populi
404 3923 444 3986 tt.
474 3922 525 4006 29,
552 3923 588 3986 17
618 3931 728 3986 tamen
750 3923 829 3987 haee
854 3960 892 3969 —
916 3925 985 4009 pati
1007 3947 1075 3990 non
1097 3924 1251 3987 debuimu

135 4027 230 4090 Ebcn
252 4046 286 4088 so
314 4027 358 4088 im
381 4024 585 4109 Hauptsatzo
613 4047 654 4088 zu
683 4025 772 4088 einer
800 4024 939 4089 irrealen
968 4025 1178 4111 Bedingung:
1205 4015 1251 4087 Gi

134 4127 230 4191 Verr.
253 4128 300 4209 II,
326 4131 354 4209 1,
377 4127 419 4190 56
435 4127 527 4191 euius
545 4135 685 4192 aetatem
708 4137 739 4190 et
762 4125 979 4210 solitudinem,
1004 4129 1133 4192 etiamsi
1154 4135 1249 4192 tutor

134 4252 200 4293 non
222 4238 341 4311 essent,
365 4228 541 4293 defendere
563 4238 693 4315 praetor
715 4228 837 4293 debuit.
865 4230 896 4311 3,
920 4230 958 4293 61
985 4251 1081 4315 quem
1104 4229 1251 4295 homine!

135 4332 163 4395 si
187 4333 258 4416 quis
281 4331 387 4418 pudor
409 4334 443 4395 in
466 4342 498 4397 te
520 4340 618 4418 atque
645 4331 727 4395 adeo
756 4332 785 4396 si
812 4333 884 4417 quis
912 4341 1018 4396 metus
1047 4332 1179 4417 fuisset,
1203 4328 1251 4393 sir

135 4433 295 4521 supplicio
318 4434 481 4500 dimittere
503 4457 567 4500 non
591 4436 744 4503 debuisti.
767 4439 797 4520 3,
820 4437 862 4503 58
878 4438 905 4504 si
922 4439 995 4523 quis
1018 4440 1080 4507 tibi
1103 4442 1144 4509 ad
1166 4454 1251 4507 aure
