2850 5002
595 297 824 407 -eooss

138 505 421 582 sammcngesetzt,
449 497 554 561 haben
584 494 742 561 zuweilen
769 498 806 561 ire
833 518 861 560 c.
884 494 949 561 abl.
980 493 1048 559 und
1075 493 1233 580 0101110111

139 622 163 663 s.
189 599 331 663 dariiber
353 597 384 664 S.
408 599 486 680 383,
515 599 536 663 4
562 607 658 663 unter
685 597 748 662 den
768 596 944 662 Wtrtern:
976 598 1112 676 illudere,
1138 599 1234 680 111011,

137 702 244 782 inesse,
267 701 413 786 insidere,
437 702 587 766 insistere.
911 732 915 738 ·

221 829 251 892 5.
275 828 320 893 Iu
348 828 435 893 steht
462 828 516 892 fiir
543 834 616 894 cute
643 828 678 892 in
707 828 769 892 den
791 827 1029 892 Ausdritcken:
1057 829 1237 909 1100011011

138 951 206 994 ore:
229 928 296 993 Cic.
317 930 359 994 ed
382 928 446 1009 Qu.
469 929 510 994 fr.
535 933 564 1013 1,
589 929 714 1015 1,211
736 928 837 994 oculis
860 927 1061 994 clarissimae
1082 930 1236 1019 provinciae.

141 1030 231 1095 Verr.
255 1031 284 1109 2,
307 1033 348 1096 33
370 1034 405 1096 in
428 1054 484 1098 ore
507 1041 605 1119 atque
628 1033 662 1096 in
684 1030 786 1096 oculis
809 1030 1009 1117 provinciae.
1048 1029 1237 1113 80110111,

141 1131 188 1199 14.
225 1131 320 1198 Auch
348 1133 401 1198 hei
428 1132 545 1199 Livius
574 1132 642 1197 und
676 1134 721 1196 im
751 1132 917 1198 silbernen
946 1131 1075 1196 Latein.
1116 1129 1256 1225 Aeholich·

139 1232 207 1298 Cic.
231 1231 284 1299 fin.
308 1227 403 1317 125
426 1237 460 1301 in
482 1236 600 1301 vestris
623 1235 765 1300 attribue.

223 1362 253 1425 6.
277 1362 336 1426 Bei
360 1362 423 1427 den
440 1363 558 1427 Verbis
579 1362 646 1426 und
666 1354 1031 1442 Verbalsubstantiven,
1054 1360 1236 1447 01011111]οο-

139 1464 241 1544 tiven,
263 1463 385 1528 welche
406 1465 591 1548 Neigung
611 1464 679 1528 und
695 1463 937 1548 Abneigung
958 1463 1038 1528 oder
1059 1465 1127 1528 eine
1144 1460 1235 1525 10111-

140 1564 267 1651 selige
290 1565 526 1650 Handlung,
556 1565 740 1651 tiberhaupt
767 1562 996 1650 pershnlichen
1019 1562 1185 1628 Einfluss
1201 1563 1235 1625 be·

141 1666 269 1745 601101,
294 1667 380 1730 steht
403 1667 452 1730 oft
474 1665 606 1751 zufolge
629 1665 805 1731 sinnlicher
819 1665 1023 1751 Auffassung
1043 1666 1096 1730 die
1115 1665 1235 1740 Person,

140 1767 261 1832 welche
285 1767 343 1831 der
359 1767 621 1853 Gegenstand
644 1766 711 1832 des
734 1762 923 1833 Affectes
947 1767 1043 1832 oder
1065 1763 1233 1860 (10011011-

139 1869 235 1956 lung
267 1871 321 1952 ist,
354 1870 399 1932 im
432 1869 509 1934 Ahl.
543 1871 602 1933 mit
633 1872 680 1935 iu.
724 1870 788 1933 Die
820 1868 1025 1954 Auffassung
1058 1871 1114 1934 ist:
1143 1891 1176 1933 an
1199 1866 1234 1929 der

138 1971 264 2036 Person
286 1973 374 2056 zeigt
395 1971 474 2052 sich,
502 1993 544 2034 an
567 1972 646 2036 oder
667 1973 702 2035 in
723 1969 776 2034 ihr
797 1969 954 2036 vollzieht
976 1971 1046 2034 sich
1068 1967 1234 2050 011οΤ11110-

139 2073 209 2137 keit
231 2071 289 2137 des
313 2072 493 2160 Subjectes.
1179 2069 1180 2074 ’

225 2192 263 2254 11
297 2191 355 2256 der
385 2190 475 2256 alten
507 2193 583 2258 Zeit
616 2195 661 2256 ist
692 2191 745 2255 die
778 2192 1010 2258 Construction
1045 2191 1153 2273 selten,
1178 2189 1237 2254 dano

139 2291 291 2358 ziemlich
320 2292 513 2358 verhreitet:
543 2295 617 2358 Ter.
649 2294 734 2358 Eun.
763 2295 793 2374 3,
821 2294 852 2376 5,
883 2295 923 2357 19
952 2293 986 2357 in
1015 2294 1078 2358 hac
1104 2290 1238 2357 commotus

139 2417 220 2460 sum.
258 2396 362 2460 Andr.
395 2398 428 2474 1,
456 2396 494 2477 4,
522 2396 543 2460 5
571 2396 648 2460 date
676 2434 713 2444 -
743 2393 792 2457 illi
819 2395 853 2458 in
883 2394 957 2458 aliis
987 2396 1096 2480 potius
1121 2389 1240 2481 peccandi

138 2496 253 2560 locum.
290 2497 362 2560 Lex
389 2518 441 2583 ap.
472 2496 557 2562 Gell.
579 2498 609 2577 5,
636 2497 684 2578 19,
707 2497 727 2561 9
754 2498 803 2562 111
831 2498 917 2580 patri
940 2497 1025 2562 endo
1048 2495 1114 2571 filio
1136 2504 1177 2561 est
1195 2494 1241 2580 (po-

139 2599 267 2682 testas).
298 2597 364 2661 Cic.
388 2597 482 2660 Verr.
506 2597 552 2679 II,
578 2600 607 2680 1,
629 2599 651 2662 4
677 2620 743 2662 101
766 2608 815 2662 est
837 2599 871 2662 in
893 2599 955 2663 hoc
977 2600 1106 2664 homine
1128 2599 1244 2682 cuiquam

139 2700 296 2784 peccandi
329 2698 429 2763 locus.
475 2701 512 2782 4,
549 2700 591 2764 34
624 2694 706 2764 nihil
739 2721 774 2762 se
806 2700 912 2766 ineo
946 2702 1117 2785 potestatis
1147 2699 1245 2764 hahere.

138 2800 222 2865 Phil.
252 2802 308 2883 11,
336 2801 356 2864 3
385 2800 613 2866 crudelitatem
648 2823 801 2866 exercere
835 2805 868 2865 in
901 2803 980 2866 vivo
1008 2840 1051 2851 -
1078 2802 1112 2866 in
1139 2810 1247 2866 mortuo.

141 2903 191 2983 14,
214 2903 234 2966 3
257 2923 340 2987 quae
363 2905 397 2966 in
418 2903 530 2967 liberis
560 2913 591 2967 et
614 2903 808 2988 coniugibus
837 2904 990 2968 effecerit.
1028 2904 1106 2968 fam.
1128 2904 1158 2984 6,
1177 2903 1203 2982 6,
1222 2898 1249 2963 16

138 3005 171 3067 11
195 3004 262 3067 eius
286 3025 425 3089 persona
446 3004 549 3069 multa
570 3004 649 3070 fecit
670 3005 827 3091 asperius.
858 3004 948 3072 Lael.
972 3009 1002 3086 ξ.
1024 3008 1064 3069 41
1087 3005 1162 3091 quid
1180 3005 1208 3068 in
1225 3002 1250 3064 P.

139 3105 291 3191 Scipione
314 3106 488 3170 effecerint.
518 3128 585 3192 rep.
602 3108 632 3189 6,
651 3107 690 3171 15
705 3107 875 3192 pietatem,
899 3116 983 3193 quu'e
1003 3130 1079 3171 curn
1099 3108 1141 3171 sit
1160 3125 1253 3189 magna

137 3207 171 3269 in
186 3208 376 3293 parentibus
399 3218 430 3271 et
451 3210 653 3295 propinquiS,
676 3217 745 3272 tum
768 3208 801 3270 in
824 3211 929 3295 patria
952 3210 1097 3273 maxima
1119 3218 1175 3274 cst.
1200 3208 1253 3272 Au.

137 3309 168 3389 4,
195 3309 244 3389 16,
268 3309 287 3371 6
310 3307 455 3374 liberalis
478 3312 512 3373 in
535 3310 664 3396 populo.
695 3307 854 3394 parate,
873 3312 888 3372 1
910 3310 1062 3396 petulans
1085 3312 1118 3374 in
1141 3296 1253 3393 virgine.

137 3408 180 3472 ad
204 3407 267 3488 Qu.
291 3408 332 3473 fr.
358 3414 385 3492 1,
411 3415 421 3474 1
451 3415 480 3493 ξ.
507 3414 544 3476 ll
573 3433 710 3496 quomo
733 3411 839 3474 auimo
862 3412 896 3474 in
919 3413 1024 3476 servis
1049 3433 1122 3477 esse
1144 3408 1255 3476 censes?

138 3510 181 3573 ad
204 3511 294 3578 Brut.
317 3511 349 3592 2,
374 3512 391 3574 7
415 3514 489 3576 duri
511 3513 629 3577 luimus
651 3513 685 3575 in
709 3502 892 3577 Dolabella.
922 3513 976 3577 off.
999 3514 1032 3595 2,
1057 3514 1097 3577 18
1120 3516 1154 3578 in
1173 3514 1208 3578 iis
1227 3547 1255 3558 ·-

137 3612 290 3676 restricti.
321 3613 361 3676 de
383 3635 430 3677 or.
455 3615 489 3695 1,
518 3615 558 3678 27
588 3624 721 3678 aeterna
748 3615 782 3677 in
811 3635 847 3677 eo
870 3651 912 3662 -
934 3614 1023 3678 valet
1046 3616 1157 3701 opinio
1176 3612 1257 3679 tardi·

136 3714 227 3778 tatis.
256 3712 287 3794 2,
310 3713 351 3777 55
374 3715 430 3778 sed
453 3724 490 3779 ut
513 3717 545 3778 in
570 3714 727 3780 Scaevola
749 3717 912 3780 continuit
934 3737 973 3779 ea
995 3753 1034 3763 -
1058 3717 1107 3780 sic
1128 3717 1161 3781 in
1176 3717 1257 3782 Bruto

136 3823 275 3898 utroque
302 3836 421 3898 genere
449 3818 617 3902 pugnavit.
653 3820 683 3899 3,
707 3819 727 3881 9
755 3816 885 3897 dicebat
907 3818 1071 3882 Isocrates
1096 3856 1135 3867 -
1157 3839 1190 3883 se
1208 3814 1257 3881 cel·

137 3916 266 3981 caribus
289 3917 323 3979 in
346 3917 493 4003 Ephoro,
522 3929 637 3984 contra
665 3928 772 3984 autem
801 3919 835 3982 in
862 3917 1073 4005 Theopompo
1101 3919 1197 3985 frenis
1221 3916 1259 3981 uti

137 4016 249 4082 solere.
301 4018 372 4083 Auf
398 4020 450 4083 ein
479 4017 657 4084 suchliehes
688 4019 809 4107 Objeot
833 4020 1049 4106 iibertragen:
1084 4020 1166 4086 Phil.
1191 4017 1258 4102 5‚8

135 4117 252 4183 avidus
274 4120 309 4182 in
330 4121 477 4206 pecuniis
499 4119 716 4206 locupletium.
1173 4159 1175 4163 ν

221 4239 347 4302 Cornif.
378 4240 410 4321 1,
446 4240 485 4303 13
519 4247 711 4324 agnatorum
743 4240 777 4303 in
813 4261 849 4333 eo
882 4241 1088 4330 pecuniaque
1120 4242 1186 4306 eius
1215 4259 1258 4325 po

135 4349 235 4405 testas
258 4350 338 4405 esto.

222 4458 315 4524 Caes.
339 4460 372 4524 h.
395 4482 426 4547 g.
453 4461 480 4542 1,
504 4460 545 4524 41
575 4458 661 4548 quod
688 4459 720 4524 in
744 4481 782 4524 eo
805 4461 961 4548 peccandi
984 4461 1157 4528 Germanis
1178 4477 1258 4525 cause
