2804 4996
589 338 738 413 -243
782 384 821 396 -

108 496 207 566 tion
235 500 308 570 doch
335 504 428 568 mehr
448 502 554 567 Raum
581 510 736 587 gestattet
764 503 830 567 und
854 500 959 568 bildet
979 501 1063 567 auch
1085 503 1189 567 hierin
1212 502 1276 567 den

108 601 332 692 Uebergang
354 627 429 669 zum
453 604 616 668 silbernen
638 603 764 668 hatein.

187 697 193 703 ⁰
226 707 336 774 Velle
343 709 408 794 jus
432 707 460 788 1,
483 705 513 786 9,
535 704 556 767 2
579 704 660 769 adeo
683 707 776 769 varia
790 705 922 770 fortuna
937 705 1137 779 conflixerat,
1160 717 1197 772 ut
1211 704 1276 793 ple-

108 830 271 895 ·umque
292 806 441 894 superior
462 805 562 871 fuerit
576 828 793 893 magnamque
808 817 933 893 partem
949 806 1109 872 Graeciae
1125 810 1159 872 in
1176 809 1277 873 socie·

108 920 234 975 atem
256 931 349 973 suam
370 910 574 994 perduceret.
597 912 628 989 ξ.
650 909 671 971 6
694 908 786 972 cuius
803 918 929 973 tantum
944 910 1068 994 priores
1084 909 1278 974 excessit-

108 1022 156 1075 rt
186 1013 338 1077 omnium
359 1019 436 1073 ante
458 1019 604 1074 actorum
627 1010 902 1096 comparationem
925 1009 1138 1095 amplitudine
1153 1011 1278 1075 vicerit.

108 1116 146 1191 1,
182 1114 239 1195 13,
262 1113 283 1176 3
306 1112 468 1176 habuerit.
497 1111 528 1191 2,
551 1110 603 1194 25,
625 1112 646 1174 2
672 1111 785 1174 fuerit.
812 1111 843 1192 2,
873 1112 926 1194 30,
949 1113 968 1175 6
997 1113 1219 1198 opposuerint.
1248 1112 1279 1194 2,

108 1214 187 1295 90,
228 1215 249 1278 3
285 1213 441 1300 potuerit.
492 1211 541 1275 Im
574 1212 779 1298 Hauptsatze
815 1212 902 1276 steht
938 1213 1054 1277 immer
1089 1215 1166 1278 udco
1199 1212 1281 1279 oden

108 1309 267 1380 tantum.

216 1416 410 1480 Valerius
432 1415 629 1479 Maximus
651 1415 682 1496 2,
705 1414 736 1497 2,
759 1415 781 1478 4
802 1417 857 1501 qui
879 1438 948 1481 mos
970 1416 1053 1480 adeo
1072 1416 1280 1500 pertinaciter

112 1526 280 1582 retentus
302 1526 365 1599 est,
388 1526 424 1579 ut
446 1515 490 1595 Q.
513 1516 669 1580 Fabimus
691 1516 858 1581 Maximus
879 1556 922 1565 —
948 1539 968 1579 a
989 1516 1056 1580 filio
1079 1516 1210 1581 consule
1231 1519 1279 1581 in·

116 1618 258 1683 vitatus
280 1628 319 1683 nt
339 1619 425 1682 inter
447 1638 482 1682 se
505 1627 537 1681 et
557 1616 705 1681 lictorem
726 1618 927 1704 procederet,
950 1657 992 1665 -
1014 1617 1049 1681 id
1064 1616 1173 1682 facere
1188 1618 1280 1683 nolu-

119 1721 207 1783 erit.
230 1719 263 1802 2,
286 1720 318 1803 2,
341 1720 362 1784 8
389 1719 591 1806 persolutum
618 1719 670 1783 sit
692 1719 723 1803 3,
746 1719 766 1783 3
796 1728 861 1783 ext.
883 1719 904 1781 2
934 1719 1125 1805 speraverit.
1153 1721 1185 1802 4,
1208 1720 1238 1801 2,
1261 1722 1282 1785 5

123 1820 349 1889 dubitaverit.
371 1821 403 1902 4,
426 1820 458 1903 4,
483 1820 746 1884 1011111111-
768 1821 941 1884 invenerit.
963 1823 995 1903 4,
1019 1822 1036 1884 7
1054 1829 1120 1884 ext.
1147 1823 1162 1883 l
1186 1820 1281 1885 dubi·

126 1923 226 1985 tarit.
253 1924 285 2004 5,
312 1923 335 1986 4
362 1929 428 1989 ext.
456 1918 475 1984 7
504 1922 658 2006 rapuerit.
687 1921 716 2001 6,
746 1922 776 2002 7,
803 1923 817 1983 1
848 1919 1115 1987 dissimulaverit.
1144 1922 1174 2003 7,
1202 1923 1232 2002 5,
1264 1924 1279 1984 1

130 2021 263 2088 abierit.
293 2024 324 2102 8,
350 2025 365 2085 1
389 2021 492 2086 absol.
522 2022 561 2085 10
583 2023 735 2108 potuerit.
763 2022 795 2103 8,
819 2024 836 2086 7
866 2031 932 2086 ext.
959 2023 981 2085 4
1007 2023 1159 2108 potuerit.
1188 2023 1218 2104 8,
1243 2023 1282 2086 12

133 2131 206 2186 ext.
227 2125 248 2189 2
269 2125 433 2191 tribuerit.
462 2123 492 2204 8,
523 2124 567 2188 13*
589 2132 655 2187 ext.
687 2127 703 2186 1
731 2125 903 2207 generarit.
933 2123 963 2206 8,
990 2125 1029 2188 15
1051 2132 1117 2187 ext.
1141 2124 1161 2187 2
1183 2145 1282 2188 ausus

138 2222 196 2287 sit.
217 2227 245 2305 9,
269 2227 319 2311 14,
341 2227 363 2288 2
385 2225 536 2292 valuerit.
580 2225 643 2289 Mit
665 2224 957 2311 periphrastischer
979 2225 1092 2292 Form:
1120 2226 1150 2305 5,
1173 2227 1193 2290 3
1215 2235 1282 2290 ext.

140 2320 160 2383 3
182 2324 327 2394 habituri
347 2327 481 2391 fuerint.

226 2430 287 2494 Die
308 2427 402 2495 Rede
424 2427 481 2492 des
504 2427 641 2492 Kaisers
664 2427 859 2492 Claudius
882 2429 942 2493 auf
955 2429 1019 2492 den
1033 2429 1165 2514 Lyoner
1179 2430 1282 2493 Bron-

145 2529 427 2611 eetafelnool.-1,
450 2531 488 2598 Z.
511 2529 531 2592 9
559 2550 776 2616 supervenere
797 2530 897 2594 alieni
925 2541 957 2594 et
984 2529 1117 2616 quidam
1145 2531 1282 2612 externi,

146 2631 183 2686 ut
204 2627 304 2698 Numa
325 2632 465 2697 Romulo
486 2631 681 2696 successerit
703 2654 744 2695 ex
767 2630 899 2697 Sabinis
922 2633 1067 2697 veniens.

230 2732 390 2798 Curtius
418 2733 491 2814 hat,
518 2734 581 2797 wie
602 2731 767 2820 Vellejus,
795 2733 840 2796 im
862 2732 1069 2820 Hauptsatze
1097 2742 1178 2796 stete
1206 2734 1283 2797 odeo

151 2824 228 2894 0401
245 2841 363 2900 tantae:
386 2836 417 2918 3,
440 2835 470 2915 6,
495 2834 536 2897 14
555 2843 648 2899 tanta
669 2835 719 2899 vis
741 2833 967 2898 medicaminis
983 2835 1046 2897 luit
1061 2844 1106 2916 ut,
1130 2855 1212 2921 quae
1235 2856 1283 2897 se·

153 2938 323 3019 ο1111111111,
347 2936 605 3001 criminationem
628 2935 851 2999 Parmenionis
881 2934 1080 2999 adiuverint.
1113 2937 1144 3017 3,
1171 2936 1219 3017 12,
1242 2934 1284 2997 22

155 3033 309 3122 ⁰011iugem
352 3037 501 3102 eiusdem
541 3037 623 3100 adeo
667 3039 739 3123 ipse
778 3060 843 3102 non
879 3037 1017 3102 violavit
1053 3045 1089 3100 ut
1125 3057 1284 3100 summam

158 3126 328 3204 adhibuerit
355 3161 469 3204 curam
496 3161 536 3202 ne
565 3146 621 3202 ott.
650 3139 681 3222 4,
713 3139 768 3220 15,
798 3140 836 3202 11
867 3139 976 3202 fuerit.
1001 3139 1031 3220 7,
1054 3138 1084 3219 8,
1108 3140 1125 3202 7
1149 3138 1284 3202 effectae

160 3226 230 3300 ⁸114.
247 3241 273 3322 9,
292 3243 324 3326 3,
349 3241 369 3304 2
391 3239 545 3326 potuerit.
570 3240 620 3322 10,
643 3241 674 3321 3,
696 3242 718 3304 4
739 3239 822 3305 adeo
845 3263 911 3305 non
934 3249 1009 3305 runt
1035 3240 1164 3303 accensi
1186 3277 1228 3286 -
1248 3246 1286 3302 ut

162 3328 234 3399 nihil
250 3342 414 3408 omiserint
434 3341 524 3427 quod
546 3350 601 3406 ott.

236 3442 443 3510 Petronius
472 3442 513 3507 72
535 3445 626 3507 canis
655 3445 840 3508 catenarius
869 3452 960 3507 tanto
982 3466 1042 3508 nos
1064 3442 1205 3508 tumultu
1228 3464 1283 3506 ex·

166 3541 248 3623 cepit,
266 3556 300 3611 ut
319 3543 478 3631 Ascyltos
504 3545 539 3608 in
561 3545 721 3631 piscinam
749 3545 912 3609 ceciderit.
958 3545 1073 3610 Oefter
1094 3545 1197 3628 nieht,
1220 3566 1284 3609 wo-

170 3647 255 3799 {den
288 3649 360 3712 sich
395 3648 430 3711 in
467 3646 531 3710 den
572 3647 733 3712 uneehten
771 3642 1030 3731 Ergttnzungen'
1051 3647 1127 3711 aoht
1163 3645 1287 3711 Stellen

112 3864 117 3873 ’
244 3845 384 3916 Seneca
410 3871 460 3936 ep.
495 3849 566 3932 104,
593 3849 635 3912 28
661 3849 742 3914 haec
769 3871 874 3936 usque
901 3872 938 3914 eo
970 3849 1114 3913 animum
1143 3848 1285 3914 Socratis

110 3940 118 3977 '³
181 3950 233 4003 ¹¹⁰ss
247 3946 408 4034 fregerunt,
430 3960 530 4015 utne
552 3951 680 4015 vultum
702 3950 833 4038 quidem
850 3952 1027 4038 ¹moverint.

108 4043 123 4065 '³'
247 4045 295 4114 Bet
314 4052 386 4117 dem
404 4056 568 4141 jungeren
582 4051 739 4117 Plinius
763 4054 807 4117 ist
828 4053 908 4117 hein
923 4049 1064 4137 Beispiel
1086 4049 1285 4115 vorhanden.

248 4146 281 4213 ln
297 4152 366 4218 dem
387 4140 549 4239 Dialogus
571 4153 640 4217 und
662 4154 720 4219 der
739 4153 918 4218 Germania
940 4154 997 4217 des
1014 4152 1179 4216 Tacitus
1194 4150 1287 4236 giebt

122 4250 135 4343 1¹,
196 4232 235 4302 der
250 4246 317 4317 suff
333 4258 437 4341 wenig
458 4253 706 4339 Veranlassung
728 4279 769 4319 nu
792 4255 899 4319 dieser
920 4253 1170 4341 Tempusfolge,
1201 4253 1287 4319 doeh

113 4354 135 4396 ·''
199 4340 336 4420 8111411111.
363 4358 417 4423 39:
445 4359 526 4422 satis
555 4366 685 4422 constat
712 4394 753 4403 —
782 4356 951 4438 defensos,
980 4365 1017 4420 ut
1045 4396 1084 4405 —
1113 4355 1286 4419 incendere

202 4448 328 4519 potuerint.
359 4458 397 4523 In
418 4460 483 4524 den
504 4459 575 4523 drei
597 4459 816 4524 historischen
830 4457 997 4524 Schriften
1012 4456 1087 4522 sind
1102 4456 1287 4521 zahlreiche

238 4542 340 4605 ”¹⁸³8st
352 4561 410 4603 fflst.
424 4562 513 4613 syntax
525 4561 547 4604 (1
561 4563 615 4605 11111.
629 4562 679 4611 Spr.
1029 4582 1059 4631 17
