2850 5002
536 330 684 395 -435
728 368 770 378 -

116 483 234 548 ationis
258 480 433 547 desiderat.
464 480 518 544 fin.
538 483 566 562 1,
582 481 603 545 5
618 480 835 567 Theophrasti
852 483 1006 548 orationis
1022 493 1221 548 ornamenta.

116 597 171 651 rut.
192 585 238 649 44
258 581 434 650 Scaevolae
457 582 587 647 dicendi
612 582 783 668 elegantia.
813 583 911 652 Tuso.
934 586 969 665 4,
995 585 1033 648 13
1057 606 1099 648 ex
1122 586 1222 650 totius

116 685 274 752 ‚letudinis
303 684 447 771 corporis
475 685 755 770 conquassatione.
792 686 829 766 3,
855 685 892 749 17
921 686 1059 750 formam
1087 685 1223 773 Epicuri

116 797 167 853 tae
187 789 312 854 beatae.
343 785 379 868 4,
402 786 422 850 6
451 786 630 872 praesentis
657 786 736 850 mali
764 787 920 873 sapientis
947 788 1086 873 affectio.
1122 787 1158 871 4,
1184 788 1222 850 17

116 911 175 975 gre
196 888 311 954 tulisse
334 886 368 950 P.
391 886 549 951 Rutilium
578 888 688 952 fratris
717 886 881 974 repulsam
908 888 1104 954 consulatus.
1137 888 1222 954 Phil.

139 990 158 1056 5
185 991 277 1055 cuius
308 1029 347 1038 -
377 987 500 1053 scelera
526 990 643 1055 urbani
671 986 870 1055 consulatus.
906 989 1003 1060 Rosc.
1026 992 1098 1055 Am.
1122 991 1142 1055 9
1162 989 1223 1054 filii

116 1101 185 1157 tem
208 1093 276 1156 eius
301 1099 427 1175 egestas
449 1091 690 1176 indignissima.
720 1091 760 1155 51
777 1113 835 1176 pro
851 1093 954 1175 patris
971 1093 1038 1156 eius
1059 1092 1222 1179 hospitiis.

135 1192 202 1258 Mil.
231 1194 269 1258 15
290 1194 377 1257 ultor
399 1192 531 1257 sceleris
554 1191 652 1258 illius.
686 1190 777 1256 Lael.
801 1192 821 1255 9
843 1191 1059 1258 admiratione
1082 1193 1222 1279 quadam

116 1296 210 1359 rtutis
227 1295 307 1359 eius.
331 1317 363 1380 p.
381 1295 463 1359 Sest.
476 1295 496 1359 6
511 1295 687 1381 superioris
704 1296 779 1359 anni
790 1293 989 1381 reipublicae
1003 1297 1221 1381 naufragium.

116 1394 172 1460 atil.
198 1399 233 1479 1,
256 1397 277 1461 5
299 1395 396 1460 huius
424 1396 554 1481 imperii
577 1394 834 1482 disciplinaeque
860 1396 1021 1460 maiorum
1044 1399 1221 1484 proprium.

116 1498 180 1563 id:
204 1496 414 1563 exhaurietur
437 1519 479 1562 ex
500 1497 581 1562 urbe
603 1505 731 1561 tuorum
747 1498 899 1561 comitum
923 1519 1042 1582 magna
1064 1506 1096 1562 et
1116 1499 1222 1585 perni-

116 1621 167 1664 666
181 1599 317 1687 Ι6661166
338 1597 550 1683 reipublicae.
1097 1595 1100 1602 '

161 1702 232 1767 Der
254 1702 437 1788 subjective
460 1699 595 1766 Genitiv
617 1699 704 1764 steht
726 1700 922 1785 wenigstens
946 1699 999 1764 bei
1017 1701 1131 1775 Cicero
1154 1700 1221 1765 und

116 1823 199 1868 {esar
226 1824 297 1866 vor
323 1801 397 1868 dem
425 1801 535 1866 davon
563 1800 771 1886 abhangigen
799 1802 894 1883 Gen,
926 1824 955 1865 a.
978 1803 1016 1866 B.
1045 1804 1078 1867 in
1107 1803 1173 1871 Pis.
1204 1807 1220 1865 1

116 1925 185 1968 mne
207 1905 320 1986 sentis,
344 1925 426 1990 quae
449 1905 492 1968 sit
512 1901 679 1967 hominum
698 1901 829 1988 querela
850 1904 968 1967 frontis
991 1902 1063 1967 tui?
1093 1904 1174 1968 Phil.
1191 1904 1220 1985 5,

116 2011 124 2061 ἰ
145 2006 210 2069 6166
232 2005 345 2069 laudes
361 2004 458 2070 huius
473 2003 576 2091 ipsius
599 2004 763 2090 temporis.
795 2005 825 2087 7,
842 2005 862 2068 9
877 2005 968 2068 66166
990 2027 1051 2090 ego
1067 2004 1221 2070 excubias

137 2108 296 2172 custodias
320 2107 437 2192 capitis
460 2105 524 2170 mei
546 2107 695 2191 cognovi.
726 2103 812 2190 legg.
828 2106 859 2190 2,
878 2105 915 2170 17
939 2105 1063 2170 iudicia
1078 2116 1221 2189 senatus,

116 2206 210 2293 aliae,
233 2208 381 2294 gentium
404 2207 544 2295 denique
567 2207 708 2291 omnium
732 2215 943 2272 conservatae
966 2207 1088 2292 patriae
1111 2229 1222 2272 conse·

116 2309 147 2372 ui
168 2332 289 2374 sumus.
320 2309 419 2374 Tusc.
441 2309 529 2392 2,15
551 2307 675 2374 functio
698 2307 855 2394 quaedam
879 2307 931 2374 vel
954 2309 1054 2372 animi
1077 2308 1130 2374 vel
1153 2331 1221 2374 cor-

116 2409 166 2474 uis
188 2410 348 2497 gravioris
372 2412 491 2497 operis.
522 2411 591 2475 Aa.
607 2411 636 2491 2,
652 2411 673 2475 5
690 2408 732 2474 ab
755 2409 920 2474 hominum
936 2411 1086 2475 satietate
1108 2411 1222 2476 nostri.

116 2531 154 2573 m.
171 2511 220 2595 10,
237 2512 268 2593 3,
285 2511 304 2576 3
326 2515 469 2576 maxima
491 2511 631 2577 orbitate
650 2513 730 2597 reip.
746 2512 891 2576 virorum
906 2509 1029 2576 talium.
1060 2513 1112 2578 off.
1137 2514 1165 2595 1,
1183 2512 1223 2577 14

116 2611 247 2678 ‚Sullae
269 2621 302 2676 et
324 2612 363 2677 C.
388 2613 539 2679 Caesaris
568 2613 779 2699 pecuniarum
808 2612 977 2678 translatio
1006 2637 1026 2679 a
1046 2614 1141 2678 iustis
1165 2613 1221 2679 do-

116 2713 173 2779 1616
194 2714 237 2778 ad
260 2711 382 2779 alienos
404 2737 468 2779 non
492 2711 590 2778 debet
611 2713 755 2779 liberalis
779 2713 897 2779 videri.
927 2738 955 2801 p.
980 2714 1090 2799 Lig.5
1112 2714 1223 2779 studia

116 2816 204 2880 meris
226 2836 264 2880 ac
287 2813 432 2880 familiae
453 2823 583 2881 vestrae
606 2815 755 2897 virtutis,
779 2815 1012 2897 humanitatis,
1042 2815 1221 2898 doctrinae,

116 2917 289 2982 mimarum
319 2916 437 2980 artium
466 2927 564 3004 atque
586 2917 780 3003 optimarum
802 2927 881 2983 nota
903 2924 979 2981 sunt
1001 2916 1080 2980 mihi
1103 2918 1220 2982 omnia.

116 3041 172 3084 uso.
194 3020 232 3101 4,
257 3018 312 3097 13,
335 3017 375 3082 31
398 3027 532 3105 propter
560 3018 660 3083 animi
688 3018 864 3084 multarum
892 3039 1000 3082 rerum
1026 3018 1118 3099 brevi
1141 3027 1220 3082 tem·

116 3142 156 3185 re
177 3119 431 3208 percursionem.
460 3121 497 3185 in
518 3118 682 3185 Caecilii
711 3141 820 3185 eorum
849 3141 938 3207 spem
968 3121 1118 3205 exiguam
1147 3119 1220 3183 reli-

116 3245 214 3288 iarum
235 3222 448 3286 fortunarum.
556 3232 560 3238 “
1025 3210 1027 3215 ’

160 3323 272 3389 Caes.
302 3320 333 3388 b.
360 3344 390 3407 g.
420 3324 454 3408 1,
483 3324 525 3388 30
551 3345 610 3410 pro
638 3323 804 3388 veteribus
833 3322 1059 3387 Helvetiorum
1092 3322 1220 3387 iniuriis

116 3417 188 3515 puli
216 3424 365 3489 Romani.
401 3424 437 3507 2,
464 3425 500 3489 17
530 3446 638 3489 eorum
673 3424 798 3488 dierum
825 3423 1061 3489 consuetudine
1093 3423 1220 3487 itineris

116 3527 177 3594 stri
202 3525 362 3592 exereitus
385 3536 566 3612 perspecta.
597 3528 628 3610 2,
645 3525 687 3590 24
707 3547 843 3612 quorum
858 3525 943 3590 inter
958 3523 1071 3589 Gallos
1088 3525 1219 3590 virtutis

116 3631 187 3695 inio
211 3636 261 3692 est
283 3627 467 3712 singularis.
499 3628 532 3706 3,
556 3627 576 3691 8
598 3627 694 3692 huius
725 3636 775 3691 est
795 3626 938 3692 civitatis
969 3626 1066 3712 longe
1090 3626 1219 3713 amplis—

116 3754 155 3798 ua
178 3727 356 3796 auctoritas
371 3729 475 3796 omnis
499 3749 599 3816 prope
615 3750 690 3795 orae
712 3729 894 3795 maritimae
913 3729 1082 3814 regionum
1099 3749 1218 3791 earum.

135 3833 176 3899 18
205 3831 409 3919 superiorum
437 3831 565 3895 dierum
588 3829 702 3896 Sabini
730 3823 903 3896 cunctatio.
940 3830 959 3893 8
982 3829 1045 3914 prs.
1070 3830 1219 3892 Caesaris

116 3935 178 4001 stri
201 3932 449 3998 commentarios
472 3953 580 3996 rerum
603 3940 769 4016 gestarum
789 3929 928 3996 Galliae.
958 3930 988 4014 2,
1012 3930 1053 3994 33
1075 3929 1219 4016 capitum
1334 3980 1335 3983 ,

116 4057 228 4101 merus
251 4033 373 4100 relatus
402 4044 452 4099 est
480 4031 606 4097 milium
636 4032 730 4097 LIII.
760 4031 793 4097 b.
818 4056 844 4096 6.
868 4033 903 4113 3,
927 4031 968 4095 29
990 4052 1127 4117 quarum
1150 4039 1219 4095 erat

116 4159 204 4203 mma
226 4144 453 4199 veteranarum
477 4136 575 4201 trium
597 4133 763 4220 legionum
785 4134 945 4219 uniusque
967 4133 1120 4199 tironum.
1152 4132 1219 4215 1,4

116 4240 257 4306 tentium
279 4236 453 4303 ostentatio
477 4236 537 4300 sui.
573 4237 650 4300 516
672 4234 899 4322 desperatione
922 4234 1063 4299 omnium
1091 4231 1218 4298 salutis.

116 4341 250 4406 »mnium
262 4348 445 4425 temporum
460 4338 596 4403 iniurias
611 4338 824 4402 inimicorum.
848 4336 890 4400 26
902 4337 993 4400 66166
1005 4335 1053 4399 rei
1066 4356 1218 4421 magnam

116 4452 203 4508 rtem
225 4440 333 4506 laudis
357 4449 454 4528 atque
477 4438 729 4509 existimationis
746 4437 787 4502 ad
803 4437 962 4504 Libonem
977 4444 1217 4524 perventuram.

122 4543 334 4594 6666666616.
347 4543 434 4595 syntax
447 4543 468 4582 (1.
483 4545 525 4585 lat.
541 4543 605 4591 816.-
958 4561 991 4609 29
