2850 5002
202 1252 329 1326 Erster
357 1252 471 1326 Theil.
525 1251 719 1325 Gebrauch
745 1252 808 1324 der
835 1250 1062 1350 Redetheile.

390 1602 434 1667 ,Ι.
470 1603 541 1668 Das
564 1599 852 1670 Substantivum.
959 1678 962 1685 „

142 1760 161 1837 ξ
186 1767 213 1818 1.
244 1762 514 1830 Appositionelle
538 1764 761 1831 Verbindung
787 1765 848 1819 des
870 1762 1004 1817 Plurals
1034 1761 1096 1815 dar
1117 1759 1199 1816 con-

54 1869 151 1923 creta
171 1865 234 1920 mit
256 1866 333 1919 dem
355 1863 523 1932 Singulas.
568 1855 663 1922 Cato
684 1879 710 1920 r.
727 1878 751 1920 r.
768 1855 943 1919 2rationes
961 1856 1072 1937 putare
1088 1873 1199 1936 argen-

55 1958 189 2041 tariam,
210 1957 454 2029 frumentariam
476 1957 636 2042 (dagegen
669 1957 816 2021 ebendas.
845 1956 1004 2020 rationem
1031 1953 1198 2034 vinariam,

59 2059 229 2145 oleariam.)

145 2157 219 2224 Oic.
244 2151 282 2222 de
305 2181 352 2222 or.
379 2159 505 2240 1,9Τ1.
530 2162 562 2222 et
585 2159 623 2223 G.
641 2158 855 2243 Sempronios.
883 2158 972 2221 Brut.
988 2155 1029 2220 25
1044 2155 1079 2219 L.
1096 2158 1128 2219 et
1143 2153 1197 2239 sp.

56 2261 214 2324 Mummii.
237 2259 439 2335 4611011).
460 2259 579 2324 Valerii
602 2260 725 2325 Sorani.
741 2262 791 2325 69.
814 2282 845 2344 p.
861 2259 955 2323 Font.
977 2259 1006 2321 7.
1030 2255 1197 2340 har.[resp.

59 2362 98 2426 12
114 2362 175 2425 Gai
190 2365 224 2424 et
238 2361 336 2444 Appii
348 2360 562 2425 Claudiorum.
595 2360 636 2426 So
652 2362 704 2425 bei
719 2362 949 2447 Eigennamen.
965 2397 1006 2404 -
1017 2357 1105 2421 Ater
1117 2356 1199 2420 auch

56 2463 113 2526 der
129 2461 279 2547 Singular
295 2464 390 2545 1091οε
405 2463 488 2526 Phil.
507 2465 537 2545 5,
556 2465 594 2526 11
610 2463 695 2548 legio
708 2463 824 2526 Martia
835 2465 1019 2547 quartaque.
1044 2458 1199 2544 Dagegen

56 2563 139 2627 Phil.
170 2564 199 2644 2,
222 2564 263 2628 39
291 2564 450 2626 arationes
478 2562 643 2648 Campana
676 2569 709 2629 et
730 2564 896 2629 Leontina.
924 2564 1031 2627 Brut.
1055 2583 1106 2644 ap.
1131 2558 1197 2625 Cic.

56 2665 98 2727 ad
112 2665 188 2728 fam.
212 2665 260 2746 11,
280 2665 317 2728 19
333 2668 447 2748 quarta
462 2669 494 2728 et
509 2665 627 2729 Martia
649 2666 802 2751 legiones.
1308 2680 1311 2684 ’

143 2764 234 2830 Sall.
259 2765 407 2831 catinia
424 2766 458 2830 P.
483 2770 515 2829 et
536 2766 663 2832 Servius
681 2767 796 2832 Sullae.
841 2764 934 2830 Dooh
955 2763 1036 2829 auch
1057 2763 1133 2847 Jug.
1157 2762 1199 2825 42

56 2865 105 2930 Ti.
130 2869 163 2929 et
184 2866 222 2930 G.
246 2866 417 2931 Gracchus.
1331 2912 1338 2923 .

142 2965 220 3030 Liv.
243 2969 273 3046 4,
299 2967 341 3031 48
362 2968 468 3052 Spurii
495 2969 659 3034 Maecilius
685 2973 718 3033 et
749 2969 890 3033 Metilius
912 2968 942 3047 4,
965 2967 1017 3031 58.
1041 2967 1071 3048 6,
1093 2966 1144 3029 22.
1168 2965 1197 3047 6,

57 3068 98 3131 27
121 3067 157 3131 P.
180 3070 213 3131 et
234 3067 270 3131 L.
294 3068 442 3133 Valeriis.
472 3071 504 3152 6,
527 3071 569 3134 30
590 3071 626 3134 Ρ.
656 3075 688 3134 et
710 3070 748 3134 G.
777 3068 902 3134 Manlii.
926 3069 957 3151 6,
981 3069 1022 3132 32
1044 3067 1079 3131 L.
1103 3070 1135 3130 et
1158 3065 1196 3129 G.

57 3167 225 3243 Quinctios
241 3167 459 3234 Cincinnatos.
482 3174 511 3249 6,
534 3172 576 3235 36
590 3172 625 3235 Ρ.
646 3175 679 3235 et
699 3171 736 3235 G.
752 3171 881 3235 Valerii.
918 3169 1015 3232 lbid.:
1038 3170 1076 3233 A.
1100 3170 1132 3232 et
1154 3167 1198 3231 M.

57 3269 209 3334 Cornelii.
235 3271 284 3350 10,
309 3274 325 3334 1
350 3271 468 3336 Marcis
490 3271 580 3336 Livio
602 3271 723 3337 Dentre
744 3276 776 3335 et
792 3270 939 3336 Aemilio.
965 3270 1013 3352 10,
1029 3269 1070 3333 23
1089 3268 1149 3332 Gn.
1166 3272 1199 3330 et

10 3448 14 3455 Ι
59 3368 97 3444 Q.
123 3370 255 3455 Ogulnii
279 3372 397 3437 aediles
425 3371 557 3437 cumles.
608 3372 681 3437 Und
711 3395 745 3438 so
767 3374 850 3437 lister
881 3371 933 3435 bei
962 3371 1197 3455 lligenna'men,

56 3470 139 3534 doch
161 3471 243 3535 auch
265 3474 311 3536 als
328 3472 480 3537 Variante
502 3475 532 3556 6,
554 3474 596 3537 22
610 3473 672 3557 sp.
695 3479 728 3538 et
749 3474 785 3538 L.
809 3472 963 3556 Papirius.

143 3571 303 3637 Aehnlich
319 3575 370 3637 bei
386 3575 679 3660 Appellativis:
705 3575 759 3659 10,
786 3574 825 3638 18
849 3595 920 3638 oum
950 3572 1129 3658 legionibus
1152 3593 1198 3634 se·
1313 3616 1316 3621 -

60 3673 164 3736 cunda
186 3695 222 3738 ao
244 3675 340 3738 tertia
362 3675 417 3758 (al.
441 3676 594 3762 legione).
620 3677 669 3758 10,
684 3677 725 3739 21
748 3676 884 3759 primam
907 3696 942 3739 ac
959 3673 1087 3739 tertiam
1099 3672 1199 3765 legio·

56 3795 115 3838 nes
144 3775 198 3858 (al.
221 3775 406 3860 legionem).
437 3778 485 3860 10,
507 3778 547 3841 41
571 3798 688 3841 cornua
710 3778 854 3841 dextrum
878 3776 916 3839 ad
939 3777 1052 3853 castra,
1074 3775 1198 3837 laevum

56 3875 98 3937 ad
120 3875 231 3939 urbem
253 3876 365 3940 tendit.
381 3877 432 3960 29,
448 3878 478 3942 2.
494 3872 602 3956 2329
624 3879 659 3942 in
674 3879 823 3942 cornibus
839 3878 950 3941 dextro
961 3877 1087 3940 Poenos
1102 3876 1197 3956 locat,

56 3977 148 4040 laevo
177 3977 283 4041 Afros.
306 3978 359 4060 23,
374 3978 425 4042 33.
455 3979 506 4062 24,
529 3979 571 4042 20
603 3982 785 4043 terrestrem
813 3978 1019 4062 navalemque
1042 3974 1198 4039 exercitus

58 4077 114 4158 (al.
132 4067 329 4162 exercitum).
348 4077 396 4142 Of.
412 4079 463 4161 24,
486 4080 537 4144 22.
575 4079 627 4158 29,
643 4080 694 4147 22.
728 4081 778 4158 30,
794 4081 846 4144 39.
878 4079 931 4161 22,
947 4078 988 4142 23
1003 4078 1088 4140 inter
1104 4075 1198 4138 duces

57 4176 240 4241 Romanum
252 4178 465 4264 Poenumque.
490 4181 540 4263 22,
558 4180 597 4245 15
608 4180 779 4244 Falernum
795 4179 1032 4263 ethmpanum
1041 4197 1133 4262 agros
1145 4176 1198 4262 (al.

56 4281 195 4364 agrurn).
220 4280 271 4363 22,
285 4280 336 4344 25.
360 4281 412 4366 21,
427 4281 468 4345 38
481 4281 621 4346 Volones
636 4282 670 4345 in
685 4282 952 4346 undevicesimam
970 4283 1002 4344 et
1016 4279 1199 4344 vicesimam

55 4380 204 4463 legiones
232 4383 352 4464 scripti.
384 4421 421 4430 -
445 4381 506 4446 Die
530 4382 706 4447 Varianten
728 4383 932 4447 veranlassen
946 4382 1145 4464 Heerwagen
1161 4401 1199 4442 au

108 4491 184 4529 Drae
192 4501 250 4540 ger,
265 4492 325 4532 ΗΜ.
340 4493 427 4542 syntax
441 4492 462 4533 d.
476 4493 518 4533 lat.
535 4494 583 4540 spr.
995 4489 1007 4534 1
