<?xml version="1.0" encoding="UTF-8"?>
<!DOCTYPE html PUBLIC "-//W3C//DTD XHTML 1.0 Transitional//EN"
    "http://www.w3.org/TR/xhtml1/DTD/xhtml1-transitional.dtd">
<html xmlns="http://www.w3.org/1999/xhtml" xml:lang="en" lang="en">
 <head>
  <title>
</title>
<meta http-equiv="Content-Type" content="text/html;charset=utf-8" />
  <meta name='ocr-system' content='tesseract 3.04.00' />
  <meta name='ocr-capabilities' content='ocr_page ocr_carea ocr_par ocr_line ocrx_word'/>
</head>
<body>
  <div class='ocr_page' id='page_1' title='image "./historischesynt00draegoog/historischesynt00draegoog_0441.png"; bbox 0 0 2850 5002; ppageno 0'>
   <div class='ocr_carea' id='block_1_1' title="bbox 225 347 1247 579">
    <p class='ocr_par' dir='ltr' id='par_1_1' title="bbox 225 347 1247 579">
     <span class='ocr_line' id='line_1_1' title="bbox 601 347 830 409; baseline 0.004 -15"><span class='ocrx_word' id='word_1_1' title='bbox 601 383 637 394; x_wconf 93' lang='grc'><strong>..</strong></span> <span class='ocrx_word' id='word_1_2' title='bbox 681 347 745 409; x_wconf 80' lang='lat'><strong>402</strong></span> <span class='ocrx_word' id='word_1_3' title='bbox 787 383 830 395; x_wconf 80' lang='grc'><strong>.-</strong></span> 
     </span>
     <span class='ocr_line' id='line_1_2' title="bbox 225 494 1247 579; baseline -0.006 -16"><span class='ocrx_word' id='word_1_4' title='bbox 225 499 296 564; x_wconf 89' lang='lat' dir='ltr'><strong>Aus</strong></span> <span class='ocrx_word' id='word_1_5' title='bbox 320 497 476 563; x_wconf 79' lang='lat' dir='ltr'>Sallust</span> <span class='ocrx_word' id='word_1_6' title='bbox 504 497 587 562; x_wconf 88' lang='lat' dir='ltr'><strong>wird</strong></span> <span class='ocrx_word' id='word_1_7' title='bbox 609 498 716 561; x_wconf 88' lang='lat' dir='ltr'><strong>nichts</strong></span> <span class='ocrx_word' id='word_1_8' title='bbox 739 499 838 561; x_wconf 85' lang='lat' dir='ltr'><strong>citirt.</strong></span> <span class='ocrx_word' id='word_1_9' title='bbox 862 535 905 544; x_wconf 96' lang='lat'><strong>—</strong></span> <span class='ocrx_word' id='word_1_10' title='bbox 926 496 1007 561; x_wconf 87' lang='lat' dir='ltr'><strong>Hor.</strong></span> <span class='ocrx_word' id='word_1_11' title='bbox 1031 494 1247 579; x_wconf 83' lang='grc'>111.1,1,19.</span> 
     </span>
    </p>
   </div>
   <div class='ocr_carea' id='block_1_2' title="bbox 22 595 1249 684">
    <p class='ocr_par' dir='ltr' id='par_1_2' title="bbox 22 595 1249 684">
     <span class='ocr_line' id='line_1_3' title="bbox 22 595 1249 684; baseline -0.007 -18"><span class='ocrx_word' id='word_1_12' title='bbox 22 679 24 684; x_wconf 45' lang='grc'>,</span> <span class='ocrx_word' id='word_1_13' title='bbox 140 600 230 665; x_wconf 77' lang='lat' dir='ltr'><strong>ovn</strong></span> <span class='ocrx_word' id='word_1_14' title='bbox 252 608 326 664; x_wconf 76' lang='lat' dir='ltr'><strong>met.</strong></span> <span class='ocrx_word' id='word_1_15' title='bbox 350 599 386 682; x_wconf 88' lang='lat'><strong>8,</strong></span> <span class='ocrx_word' id='word_1_16' title='bbox 407 599 481 664; x_wconf 81' lang='lat'>405.</span> <span class='ocrx_word' id='word_1_17' title='bbox 512 598 596 664; x_wconf 57' lang='lat' dir='ltr'><strong>nra.</strong></span> <span class='ocrx_word' id='word_1_18' title='bbox 619 599 729 681; x_wconf 72' lang='grc'>1,.11.</span> <span class='ocrx_word' id='word_1_19' title='bbox 753 598 788 681; x_wconf 86' lang='lat'><strong>9,</strong></span> <span class='ocrx_word' id='word_1_20' title='bbox 810 598 840 661; x_wconf 80' lang='lat'><strong>4.</strong></span> <span class='ocrx_word' id='word_1_21' title='bbox 863 599 922 681; x_wconf 83' lang='lat'><strong>21,</strong></span> <span class='ocrx_word' id='word_1_22' title='bbox 944 597 997 661; x_wconf 82' lang='grc'><strong>44.</strong></span> <span class='ocrx_word' id='word_1_23' title='bbox 1021 597 1079 682; x_wconf 81' lang='lat'><strong>26,</strong></span> <span class='ocrx_word' id='word_1_24' title='bbox 1100 598 1150 660; x_wconf 88' lang='lat'><strong>41.</strong></span> <span class='ocrx_word' id='word_1_25' title='bbox 1168 595 1249 680; x_wconf 72' lang='grc'>311.</span> 
     </span>
    </p>
   </div>
   <div class='ocr_carea' id='block_1_3' title="bbox 84 697 1260 4451">
    <p class='ocr_par' dir='ltr' id='par_1_3' title="bbox 84 697 1251 886">
     <span class='ocr_line' id='line_1_4' title="bbox 140 697 1251 785; baseline -0.005 -19"><span class='ocrx_word' id='word_1_26' title='bbox 140 703 192 785; x_wconf 95' lang='grc'>36,</span> <span class='ocrx_word' id='word_1_27' title='bbox 208 701 259 765; x_wconf 88' lang='lat'><strong>39.</strong></span> <span class='ocrx_word' id='word_1_28' title='bbox 282 700 335 784; x_wconf 82' lang='lat'><strong>38,</strong></span> <span class='ocrx_word' id='word_1_29' title='bbox 354 700 408 764; x_wconf 91' lang='grc'><strong>44.</strong></span> <span class='ocrx_word' id='word_1_30' title='bbox 446 699 579 764; x_wconf 89' lang='lat' dir='ltr'><strong>Andere</strong></span> <span class='ocrx_word' id='word_1_31' title='bbox 601 699 874 765; x_wconf 81' lang='lat' dir='ltr'><strong>Constructionen</strong></span> <span class='ocrx_word' id='word_1_32' title='bbox 895 699 949 764; x_wconf 90' lang='lat' dir='ltr'><strong>bei</strong></span> <span class='ocrx_word' id='word_1_33' title='bbox 972 699 1044 764; x_wconf 80' lang='lat' dir='ltr'><strong>lieet</strong></span> <span class='ocrx_word' id='word_1_34' title='bbox 1063 700 1185 764; x_wconf 84' lang='lat' dir='ltr'>werden</span> <span class='ocrx_word' id='word_1_35' title='bbox 1201 697 1251 762; x_wconf 86' lang='lat' dir='ltr'><strong>hier</strong></span> 
     </span>
     <span class='ocr_line' id='line_1_5' title="bbox 84 802 360 886; baseline -0.004 -20"><span class='ocrx_word' id='word_1_36' title='bbox 84 864 87 873; x_wconf 71' lang='grc'>,</span> <span class='ocrx_word' id='word_1_37' title='bbox 140 802 360 886; x_wconf 83' lang='lat' dir='ltr'><strong>iibergangen.</strong></span> 
     </span>
    </p>

    <p class='ocr_par' dir='ltr' id='par_1_4' title="bbox 139 899 1253 1902">
     <span class='ocr_line' id='line_1_6' title="bbox 223 899 1252 967; baseline -0.002 0"><span class='ocrx_word' id='word_1_38' title='bbox 223 904 253 967; x_wconf 91' lang='lat'><strong>3.</strong></span> <span class='ocrx_word' id='word_1_39' title='bbox 285 899 569 967; x_wconf 85' lang='lat' dir='ltr'><strong>Wahrseheinlieh</strong></span> <span class='ocrx_word' id='word_1_40' title='bbox 592 900 694 966; x_wconf 87' lang='lat' dir='ltr'><strong>durch</strong></span> <span class='ocrx_word' id='word_1_41' title='bbox 717 902 781 967; x_wconf 90' lang='lat' dir='ltr'><strong>den</strong></span> <span class='ocrx_word' id='word_1_42' title='bbox 804 901 948 967; x_wconf 83' lang='lat' dir='ltr'><strong>Einfluss</strong></span> <span class='ocrx_word' id='word_1_43' title='bbox 972 901 1031 966; x_wconf 91' lang='lat' dir='ltr'><strong>des</strong></span> <span class='ocrx_word' id='word_1_44' title='bbox 1053 901 1252 967; x_wconf 86' lang='lat' dir='ltr'><strong>Griechischen</strong></span> 
     </span>
     <span class='ocr_line' id='line_1_7' title="bbox 140 1002 1253 1088; baseline -0.001 -20"><span class='ocrx_word' id='word_1_45' title='bbox 140 1003 196 1069; x_wconf 89' lang='lat' dir='ltr'><strong>hat</strong></span> <span class='ocrx_word' id='word_1_46' title='bbox 218 1003 288 1069; x_wconf 86' lang='lat' dir='ltr'><strong>sich</strong></span> <span class='ocrx_word' id='word_1_47' title='bbox 311 1002 370 1066; x_wconf 89' lang='lat' dir='ltr'><strong>der</strong></span> <span class='ocrx_word' id='word_1_48' title='bbox 391 1003 595 1088; x_wconf 76' lang='lat' dir='ltr'><strong>pradicative</strong></span> <span class='ocrx_word' id='word_1_49' title='bbox 610 1003 715 1067; x_wconf 87' lang='lat' dir='ltr'><strong>Dativ</strong></span> <span class='ocrx_word' id='word_1_50' title='bbox 729 1004 783 1068; x_wconf 89' lang='lat' dir='ltr'><strong>bei</strong></span> <span class='ocrx_word' id='word_1_51' title='bbox 801 1003 866 1067; x_wconf 87' lang='lat' dir='ltr'><strong>den</strong></span> <span class='ocrx_word' id='word_1_52' title='bbox 881 1003 1146 1088; x_wconf 86' lang='lat' dir='ltr'><strong>Augusteischen</strong></span> <span class='ocrx_word' id='word_1_53' title='bbox 1159 1003 1253 1068; x_wconf 88' lang='lat' dir='ltr'><strong>Dich-</strong></span> 
     </span>
     <span class='ocr_line' id='line_1_8' title="bbox 139 1103 1252 1191; baseline -0.004 -19"><span class='ocrx_word' id='word_1_54' title='bbox 139 1119 231 1171; x_wconf 88' lang='lat' dir='ltr'><strong>tern</strong></span> <span class='ocrx_word' id='word_1_55' title='bbox 253 1106 318 1168; x_wconf 93' lang='lat' dir='ltr'><strong>und</strong></span> <span class='ocrx_word' id='word_1_56' title='bbox 341 1104 395 1168; x_wconf 93' lang='lat' dir='ltr'><strong>bei</strong></span> <span class='ocrx_word' id='word_1_57' title='bbox 410 1103 475 1168; x_wconf 91' lang='lat' dir='ltr'><strong>den</strong></span> <span class='ocrx_word' id='word_1_58' title='bbox 490 1104 690 1169; x_wconf 89' lang='lat' dir='ltr'><strong>Prosaikern</strong></span> <span class='ocrx_word' id='word_1_59' title='bbox 711 1106 772 1169; x_wconf 88' lang='lat' dir='ltr'><strong>seit</strong></span> <span class='ocrx_word' id='word_1_60' title='bbox 786 1104 929 1169; x_wconf 91' lang='lat' dir='ltr'><strong>Livius</strong></span> <span class='ocrx_word' id='word_1_61' title='bbox 946 1105 1060 1170; x_wconf 84' lang='lat' dir='ltr'><strong>weiter</strong></span> <span class='ocrx_word' id='word_1_62' title='bbox 1073 1105 1252 1191; x_wconf 86' lang='lat' dir='ltr'><strong>ausgedehnt</strong></span> 
     </span>
     <span class='ocr_line' id='line_1_9' title="bbox 140 1205 1252 1294; baseline -0.003 -22"><span class='ocrx_word' id='word_1_63' title='bbox 140 1209 221 1273; x_wconf 91' lang='lat' dir='ltr'><strong>Hor.</strong></span> <span class='ocrx_word' id='word_1_64' title='bbox 244 1219 305 1272; x_wconf 89' lang='lat' dir='ltr'><strong>sat.</strong></span> <span class='ocrx_word' id='word_1_65' title='bbox 329 1209 358 1288; x_wconf 97' lang='grc'><strong>1,</strong></span> <span class='ocrx_word' id='word_1_66' title='bbox 382 1205 656 1288; x_wconf 56' lang='grc'>1241111151,</span> <span class='ocrx_word' id='word_1_67' title='bbox 680 1205 773 1288; x_wconf 85' lang='grc' dir='ltr'>Τ1111,</span> <span class='ocrx_word' id='word_1_68' title='bbox 803 1227 929 1271; x_wconf 90' lang='lat' dir='ltr'><strong>sumere</strong></span> <span class='ocrx_word' id='word_1_69' title='bbox 951 1207 1136 1294; x_wconf 88' lang='lat' dir='ltr'><strong>depositum</strong></span> <span class='ocrx_word' id='word_1_70' title='bbox 1156 1205 1252 1272; x_wconf 87' lang='lat' dir='ltr'><strong>clavun</strong></span> 
     </span>
     <span class='ocr_line' id='line_1_10' title="bbox 139 1305 1253 1395; baseline -0.001 -23"><span class='ocrx_word' id='word_1_71' title='bbox 139 1309 274 1395; x_wconf 88' lang='lat' dir='ltr'><strong>fierique</strong></span> <span class='ocrx_word' id='word_1_72' title='bbox 288 1306 443 1373; x_wconf 78' lang='lat' dir='ltr'><strong>tribuno?</strong></span> <span class='ocrx_word' id='word_1_73' title='bbox 476 1329 526 1393; x_wconf 91' lang='lat' dir='ltr'><strong>ep.</strong></span> <span class='ocrx_word' id='word_1_74' title='bbox 545 1309 572 1389; x_wconf 87' lang='lat'><strong>1,</strong></span> <span class='ocrx_word' id='word_1_75' title='bbox 591 1308 639 1390; x_wconf 91' lang='grc'>16,</span> <span class='ocrx_word' id='word_1_76' title='bbox 656 1308 696 1372; x_wconf 93' lang='grc'><strong>61</strong></span> <span class='ocrx_word' id='word_1_77' title='bbox 713 1307 755 1371; x_wconf 91' lang='lat' dir='ltr'><strong>da</strong></span> <span class='ocrx_word' id='word_1_78' title='bbox 769 1308 849 1372; x_wconf 90' lang='lat' dir='ltr'><strong>mihi</strong></span> <span class='ocrx_word' id='word_1_79' title='bbox 864 1305 986 1391; x_wconf 89' lang='lat' dir='ltr'><strong>fallere,</strong></span> <span class='ocrx_word' id='word_1_80' title='bbox 1002 1309 1046 1373; x_wconf 86' lang='lat' dir='ltr'><strong>du</strong></span> <span class='ocrx_word' id='word_1_81' title='bbox 1060 1309 1145 1374; x_wconf 88' lang='lat' dir='ltr'><strong>iusto</strong></span> <span class='ocrx_word' id='word_1_82' title='bbox 1159 1317 1253 1373; x_wconf 85' lang='lat' dir='ltr'><strong>sancto·</strong></span> 
     </span>
     <span class='ocr_line' id='line_1_11' title="bbox 140 1409 1251 1497; baseline 0.001 -23"><span class='ocrx_word' id='word_1_83' title='bbox 140 1432 203 1497; x_wconf 88' lang='lat' dir='ltr'><strong>que</strong></span> <span class='ocrx_word' id='word_1_84' title='bbox 231 1409 348 1476; x_wconf 88' lang='lat' dir='ltr'><strong>videri.</strong></span> <span class='ocrx_word' id='word_1_85' title='bbox 384 1431 412 1472; x_wconf 87' lang='lat' dir='ltr'><strong>a.</strong></span> <span class='ocrx_word' id='word_1_86' title='bbox 436 1433 467 1496; x_wconf 90' lang='lat' dir='ltr'><strong>p.</strong></span> <span class='ocrx_word' id='word_1_87' title='bbox 490 1410 554 1474; x_wconf 83' lang='grc'><strong>312</strong></span> <span class='ocrx_word' id='word_1_88' title='bbox 580 1410 799 1475; x_wconf 84' lang='lat' dir='ltr'><strong>mediocribus</strong></span> <span class='ocrx_word' id='word_1_89' title='bbox 828 1432 899 1474; x_wconf 92' lang='lat' dir='ltr'><strong>esse</strong></span> <span class='ocrx_word' id='word_1_90' title='bbox 926 1411 1032 1496; x_wconf 88' lang='lat' dir='ltr'><strong>poetis</strong></span> <span class='ocrx_word' id='word_1_91' title='bbox 1062 1448 1101 1457; x_wconf 94' lang='lat'><em>—</em></span> <span class='ocrx_word' id='word_1_92' title='bbox 1124 1433 1183 1475; x_wconf 93' lang='lat' dir='ltr'><strong>non</strong></span> <span class='ocrx_word' id='word_1_93' title='bbox 1204 1430 1251 1475; x_wconf 79' lang='grc'><strong>111</strong></span> 
     </span>
     <span class='ocr_line' id='line_1_12' title="bbox 140 1509 1250 1594; baseline 0 -17"><span class='ocrx_word' id='word_1_94' title='bbox 140 1532 263 1590; x_wconf 81' lang='lat' dir='ltr'><strong>cessere.</strong></span> <span class='ocrx_word' id='word_1_95' title='bbox 297 1509 385 1577; x_wconf 91' lang='lat' dir='ltr'><strong>Ovid</strong></span> <span class='ocrx_word' id='word_1_96' title='bbox 407 1510 619 1594; x_wconf 87' lang='grc'>111115,2,6</span> <span class='ocrx_word' id='word_1_97' title='bbox 641 1511 769 1576; x_wconf 87' lang='lat' dir='ltr'><strong>infirmo</strong></span> <span class='ocrx_word' id='word_1_98' title='bbox 791 1534 858 1575; x_wconf 91' lang='lat' dir='ltr'><strong>non</strong></span> <span class='ocrx_word' id='word_1_99' title='bbox 878 1517 972 1577; x_wconf 83' lang='lat' dir='ltr'><strong>vocat</strong></span> <span class='ocrx_word' id='word_1_100' title='bbox 992 1533 1064 1576; x_wconf 89' lang='lat' dir='ltr'><strong>esse</strong></span> <span class='ocrx_word' id='word_1_101' title='bbox 1086 1512 1171 1577; x_wconf 87' lang='lat' dir='ltr'><strong>mihi.</strong></span> <span class='ocrx_word' id='word_1_102' title='bbox 1199 1519 1250 1577; x_wconf 86' lang='lat' dir='ltr'><strong>net.</strong></span> 
     </span>
     <span class='ocr_line' id='line_1_13' title="bbox 139 1611 1249 1700; baseline -0.002 -22"><span class='ocrx_word' id='word_1_103' title='bbox 139 1613 170 1698; x_wconf 90' lang='grc'>8,</span> <span class='ocrx_word' id='word_1_104' title='bbox 184 1614 246 1678; x_wconf 88' lang='grc'><strong>553</strong></span> <span class='ocrx_word' id='word_1_105' title='bbox 269 1633 329 1675; x_wconf 89' lang='lat' dir='ltr'><strong>nec</strong></span> <span class='ocrx_word' id='word_1_106' title='bbox 350 1611 492 1676; x_wconf 84' lang='lat' dir='ltr'><strong>fortibus</strong></span> <span class='ocrx_word' id='word_1_107' title='bbox 514 1611 581 1675; x_wconf 92' lang='lat' dir='ltr'><strong>illic</strong></span> <span class='ocrx_word' id='word_1_108' title='bbox 596 1613 723 1695; x_wconf 77' lang='lat' dir='ltr'><strong>profuit</strong></span> <span class='ocrx_word' id='word_1_109' title='bbox 743 1614 898 1678; x_wconf 89' lang='lat' dir='ltr'><strong>armentis</strong></span> <span class='ocrx_word' id='word_1_110' title='bbox 921 1635 981 1679; x_wconf 89' lang='lat' dir='ltr'><strong>nec</strong></span> <span class='ocrx_word' id='word_1_111' title='bbox 1003 1615 1097 1700; x_wconf 90' lang='lat' dir='ltr'><strong>equis</strong></span> <span class='ocrx_word' id='word_1_112' title='bbox 1119 1611 1249 1678; x_wconf 87' lang='lat' dir='ltr'><strong>velocibus</strong></span> 
     </span>
     <span class='ocr_line' id='line_1_14' title="bbox 140 1711 1249 1796; baseline -0.003 -18"><span class='ocrx_word' id='word_1_113' title='bbox 140 1736 221 1780; x_wconf 92' lang='lat' dir='ltr'><strong>esse.</strong></span> <span class='ocrx_word' id='word_1_114' title='bbox 254 1713 315 1778; x_wconf 85' lang='grc'><strong>691</strong></span> <span class='ocrx_word' id='word_1_115' title='bbox 339 1714 432 1779; x_wconf 87' lang='lat' dir='ltr'><strong>vobis</strong></span> <span class='ocrx_word' id='word_1_116' title='bbox 455 1714 654 1779; x_wconf 90' lang='lat' dir='ltr'><strong>immunibus</strong></span> <span class='ocrx_word' id='word_1_117' title='bbox 676 1714 772 1780; x_wconf 94' lang='lat' dir='ltr'><strong>huius</strong></span> <span class='ocrx_word' id='word_1_118' title='bbox 789 1737 859 1780; x_wconf 90' lang='lat' dir='ltr'><strong>esse</strong></span> <span class='ocrx_word' id='word_1_119' title='bbox 880 1715 960 1779; x_wconf 91' lang='lat' dir='ltr'><strong>mali</strong></span> <span class='ocrx_word' id='word_1_120' title='bbox 982 1715 1120 1780; x_wconf 74' lang='lat' dir='ltr'><strong>dubitur.</strong></span> <span class='ocrx_word' id='word_1_121' title='bbox 1154 1717 1197 1796; x_wconf 94' lang='grc'><strong>11,</strong></span> <span class='ocrx_word' id='word_1_122' title='bbox 1208 1711 1249 1776; x_wconf 81' lang='grc'><strong>219</strong></span> 
     </span>
     <span class='ocr_line' id='line_1_15' title="bbox 142 1815 1143 1902; baseline 0 -22"><span class='ocrx_word' id='word_1_123' title='bbox 142 1816 235 1880; x_wconf 87' lang='lat' dir='ltr'><strong>Jovis</strong></span> <span class='ocrx_word' id='word_1_124' title='bbox 258 1837 329 1880; x_wconf 87' lang='grc'>1111</span> <span class='ocrx_word' id='word_1_125' title='bbox 351 1816 463 1902; x_wconf 85' lang='lat' dir='ltr'>nepoti</span> <span class='ocrx_word' id='word_1_126' title='bbox 486 1815 607 1899; x_wconf 78' lang='lat' dir='ltr'><strong>(Bacht</strong></span> <span class='ocrx_word' id='word_1_127' title='bbox 630 1817 797 1902; x_wconf 87' lang='lat' dir='ltr'><strong>nepotem)</strong></span> <span class='ocrx_word' id='word_1_128' title='bbox 820 1819 948 1900; x_wconf 58' lang='lat' dir='ltr'><strong>contegit</strong></span> <span class='ocrx_word' id='word_1_129' title='bbox 968 1815 1056 1881; x_wconf 88' lang='lat' dir='ltr'><strong>haud</strong></span> <span class='ocrx_word' id='word_1_130' title='bbox 1077 1817 1143 1881; x_wconf 91' lang='lat' dir='ltr'><strong>uni.</strong></span> 
     </span>
    </p>

    <p class='ocr_par' dir='ltr' id='par_1_5' title="bbox 103 1914 1247 2309">
     <span class='ocr_line' id='line_1_16' title="bbox 223 1914 1246 2001; baseline -0.004 -19"><span class='ocrx_word' id='word_1_131' title='bbox 223 1919 365 1982; x_wconf 89' lang='lat' dir='ltr'><strong>Livius</strong></span> <span class='ocrx_word' id='word_1_132' title='bbox 387 1919 445 2001; x_wconf 91' lang='grc'><strong>21,</strong></span> <span class='ocrx_word' id='word_1_133' title='bbox 467 1919 511 1982; x_wconf 89' lang='grc'><strong>44</strong></span> <span class='ocrx_word' id='word_1_134' title='bbox 531 1917 625 1983; x_wconf 90' lang='lat' dir='ltr'><strong>vobis</strong></span> <span class='ocrx_word' id='word_1_135' title='bbox 647 1939 764 1984; x_wconf 77' lang='lat' dir='ltr'><strong>necesse</strong></span> <span class='ocrx_word' id='word_1_136' title='bbox 785 1924 829 1984; x_wconf 81' lang='grc'><strong>111</strong></span> <span class='ocrx_word' id='word_1_137' title='bbox 849 1918 990 1983; x_wconf 83' lang='lat' dir='ltr'><strong>fortibus</strong></span> <span class='ocrx_word' id='word_1_138' title='bbox 1013 1917 1094 1982; x_wconf 88' lang='lat' dir='ltr'><strong>viris</strong></span> <span class='ocrx_word' id='word_1_139' title='bbox 1117 1938 1190 1981; x_wconf 91' lang='lat' dir='ltr'><strong>esse.</strong></span> <span class='ocrx_word' id='word_1_140' title='bbox 1213 1914 1246 1994; x_wconf 85' lang='grc'><strong>23,</strong></span> 
     </span>
     <span class='ocr_line' id='line_1_17' title="bbox 138 2016 1247 2108; baseline -0.004 -24"><span class='ocrx_word' id='word_1_141' title='bbox 138 2021 179 2084; x_wconf 89' lang='grc'><strong>29</strong></span> <span class='ocrx_word' id='word_1_142' title='bbox 202 2018 320 2106; x_wconf 86' lang='lat' dir='ltr'><strong>quibus</strong></span> <span class='ocrx_word' id='word_1_143' title='bbox 342 2021 375 2084; x_wconf 92' lang='lat' dir='ltr'><strong>in</strong></span> <span class='ocrx_word' id='word_1_144' title='bbox 399 2029 561 2084; x_wconf 74' lang='lat' dir='ltr'><strong>recentem</strong></span> <span class='ocrx_word' id='word_1_145' title='bbox 589 2042 707 2108; x_wconf 91' lang='lat' dir='ltr'><strong>equum</strong></span> <span class='ocrx_word' id='word_1_146' title='bbox 734 2043 775 2084; x_wconf 87' lang='lat' dir='ltr'><strong>ex</strong></span> <span class='ocrx_word' id='word_1_147' title='bbox 803 2020 890 2085; x_wconf 89' lang='lat' dir='ltr'><strong>fesso</strong></span> <span class='ocrx_word' id='word_1_148' title='bbox 911 2020 1047 2084; x_wconf 87' lang='lat' dir='ltr'><strong>armatis</strong></span> <span class='ocrx_word' id='word_1_149' title='bbox 1069 2016 1247 2084; x_wconf 84' lang='lat' dir='ltr'><strong>transsultare</strong></span> 
     </span>
     <span class='ocr_line' id='line_1_18' title="bbox 103 2117 1246 2203; baseline -0.005 -17"><span class='ocrx_word' id='word_1_150' title='bbox 103 2165 108 2170; x_wconf 92' lang='lat'><em>-</em></span> <span class='ocrx_word' id='word_1_151' title='bbox 138 2142 205 2187; x_wconf 83' lang='lat' dir='ltr'><strong>mos</strong></span> <span class='ocrx_word' id='word_1_152' title='bbox 226 2126 304 2186; x_wconf 82' lang='lat' dir='ltr'><strong>erut.</strong></span> <span class='ocrx_word' id='word_1_153' title='bbox 336 2121 389 2203; x_wconf 90' lang='grc'><strong>32,</strong></span> <span class='ocrx_word' id='word_1_154' title='bbox 405 2121 446 2186; x_wconf 90' lang='grc'><strong>32</strong></span> <span class='ocrx_word' id='word_1_155' title='bbox 468 2131 505 2187; x_wconf 87' lang='lat' dir='ltr'><strong>ut</strong></span> <span class='ocrx_word' id='word_1_156' title='bbox 527 2121 589 2185; x_wconf 83' lang='lat' dir='ltr'>sibi</span> <span class='ocrx_word' id='word_1_157' title='bbox 612 2122 745 2188; x_wconf 80' lang='lat' dir='ltr'><strong>liberum</strong></span> <span class='ocrx_word' id='word_1_158' title='bbox 766 2128 841 2188; x_wconf 80' lang='lat' dir='ltr'><strong>essct</strong></span> <span class='ocrx_word' id='word_1_159' title='bbox 859 2122 912 2187; x_wconf 90' lang='lat' dir='ltr'><strong>vel</strong></span> <span class='ocrx_word' id='word_1_160' title='bbox 931 2122 975 2199; x_wconf 84' lang='lat' dir='ltr'><strong>ad</strong></span> <span class='ocrx_word' id='word_1_161' title='bbox 996 2119 1121 2185; x_wconf 80' lang='lat' dir='ltr'><strong>bellurn</strong></span> <span class='ocrx_word' id='word_1_162' title='bbox 1139 2117 1246 2185; x_wconf 86' lang='lat' dir='ltr'><strong>manenti</strong></span> 
     </span>
     <span class='ocr_line' id='line_1_19' title="bbox 138 2221 865 2309; baseline 0.004 -23"><span class='ocrx_word' id='word_1_163' title='bbox 138 2222 191 2288; x_wconf 90' lang='lat' dir='ltr'><strong>vel</strong></span> <span class='ocrx_word' id='word_1_164' title='bbox 214 2223 257 2287; x_wconf 92' lang='lat' dir='ltr'><strong>ad</strong></span> <span class='ocrx_word' id='word_1_165' title='bbox 279 2243 393 2309; x_wconf 89' lang='lat' dir='ltr'><strong>pacem</strong></span> <span class='ocrx_word' id='word_1_166' title='bbox 414 2221 586 2287; x_wconf 83' lang='lat' dir='ltr'><strong>decedenti</strong></span> <span class='ocrx_word' id='word_1_167' title='bbox 608 2246 676 2288; x_wconf 89' lang='lat' dir='ltr'><strong>rem</strong></span> <span class='ocrx_word' id='word_1_168' title='bbox 698 2223 865 2289; x_wconf 87' lang='lat' dir='ltr'><strong>inclinare.</strong></span> 
     </span>
    </p>

    <p class='ocr_par' dir='ltr' id='par_1_6' title="bbox 138 2316 1250 2817">
     <span class='ocr_line' id='line_1_20' title="bbox 223 2316 1245 2414; baseline -0.005 -26"><span class='ocrx_word' id='word_1_169' title='bbox 223 2316 324 2389; x_wconf 90' lang='lat' dir='ltr'><strong>Vell.</strong></span> <span class='ocrx_word' id='word_1_170' title='bbox 347 2324 503 2414; x_wconf 82' lang='lat'><strong><em>2,124,4</em></strong></span> <span class='ocrx_word' id='word_1_171' title='bbox 525 2324 605 2388; x_wconf 92' lang='lat' dir='ltr'><strong>mihi</strong></span> <span class='ocrx_word' id='word_1_172' title='bbox 628 2325 785 2412; x_wconf 82' lang='lat' dir='ltr'><strong>fratrique</strong></span> <span class='ocrx_word' id='word_1_173' title='bbox 807 2349 878 2391; x_wconf 90' lang='lat' dir='ltr'><strong>meo</strong></span> <span class='ocrx_word' id='word_1_174' title='bbox 901 2325 1061 2390; x_wconf 89' lang='lat' dir='ltr'><strong>destinari</strong></span> <span class='ocrx_word' id='word_1_175' title='bbox 1079 2320 1245 2412; x_wconf 70' lang='lat' dir='ltr'><strong>praetoribus</strong></span> 
     </span>
     <span class='ocr_line' id='line_1_21' title="bbox 138 2420 1246 2513; baseline -0.005 -21"><span class='ocrx_word' id='word_1_176' title='bbox 138 2429 274 2510; x_wconf 77' lang='lat' dir='ltr'><strong>coattys&#39;t.</strong></span> <span class='ocrx_word' id='word_1_177' title='bbox 302 2463 336 2472; x_wconf 95' lang='lat'>-</span> <span class='ocrx_word' id='word_1_178' title='bbox 361 2424 434 2492; x_wconf 80' lang='lat' dir='ltr'><strong>Vol.</strong></span> <span class='ocrx_word' id='word_1_179' title='bbox 451 2424 540 2489; x_wconf 85' lang='lat' dir='ltr'><strong>Max.</strong></span> <span class='ocrx_word' id='word_1_180' title='bbox 561 2427 628 2509; x_wconf 82' lang='lat'><strong>5,4</strong></span> <span class='ocrx_word' id='word_1_181' title='bbox 650 2428 754 2491; x_wconf 78' lang='grc'>11112</span> <span class='ocrx_word' id='word_1_182' title='bbox 775 2428 919 2493; x_wconf 87' lang='lat' dir='ltr'><strong>maximo</strong></span> <span class='ocrx_word' id='word_1_183' title='bbox 942 2426 1003 2490; x_wconf 90' lang='lat' dir='ltr'><strong>tibi</strong></span> <span class='ocrx_word' id='word_1_184' title='bbox 1025 2436 1139 2513; x_wconf 90' lang='lat' dir='ltr'><strong>postea</strong></span> <span class='ocrx_word' id='word_1_185' title='bbox 1157 2434 1187 2490; x_wconf 90' lang='lat' dir='ltr'><strong>et</strong></span> <span class='ocrx_word' id='word_1_186' title='bbox 1202 2420 1246 2488; x_wconf 83' lang='lat' dir='ltr'><strong>civi</strong></span> 
     </span>
     <span class='ocr_line' id='line_1_22' title="bbox 139 2524 1250 2618; baseline -0.003 -24"><span class='ocrx_word' id='word_1_187' title='bbox 139 2539 171 2594; x_wconf 85' lang='lat' dir='ltr'><strong>et</strong></span> <span class='ocrx_word' id='word_1_188' title='bbox 193 2530 268 2593; x_wconf 92' lang='lat' dir='ltr'><strong>duci</strong></span> <span class='ocrx_word' id='word_1_189' title='bbox 291 2527 431 2592; x_wconf 88' lang='lat' dir='ltr'><strong>evadere</strong></span> <span class='ocrx_word' id='word_1_190' title='bbox 453 2528 599 2618; x_wconf 85' lang='lat' dir='ltr'><strong>contigit.</strong></span> <span class='ocrx_word' id='word_1_191' title='bbox 645 2528 805 2613; x_wconf 85' lang='lat' dir='ltr'><strong>Dagegen</strong></span> <span class='ocrx_word' id='word_1_192' title='bbox 828 2528 886 2593; x_wconf 91' lang='lat' dir='ltr'><strong>der</strong></span> <span class='ocrx_word' id='word_1_193' title='bbox 908 2528 1104 2594; x_wconf 87' lang='lat' dir='ltr'><strong>Accusativ:</strong></span> <span class='ocrx_word' id='word_1_194' title='bbox 1127 2528 1160 2609; x_wconf 88' lang='lat'><strong>6,</strong></span> <span class='ocrx_word' id='word_1_195' title='bbox 1179 2526 1203 2608; x_wconf 85' lang='lat'><strong>9,</strong></span> <span class='ocrx_word' id='word_1_196' title='bbox 1220 2524 1250 2586; x_wconf 72' lang='grc'><strong>14</strong></span> 
     </span>
     <span class='ocr_line' id='line_1_23' title="bbox 138 2627 1245 2717; baseline -0.003 -23"><span class='ocrx_word' id='word_1_197' title='bbox 138 2631 192 2694; x_wconf 88' lang='lat' dir='ltr'><strong>cui</strong></span> <span class='ocrx_word' id='word_1_198' title='bbox 213 2639 288 2717; x_wconf 89' lang='lat' dir='ltr'><strong>post</strong></span> <span class='ocrx_word' id='word_1_199' title='bbox 309 2627 443 2693; x_wconf 87' lang='lat' dir='ltr'><strong>exilium</strong></span> <span class='ocrx_word' id='word_1_200' title='bbox 466 2628 628 2694; x_wconf 84' lang='lat' dir='ltr'><strong>consulem</strong></span> <span class='ocrx_word' id='word_1_201' title='bbox 650 2633 752 2694; x_wconf 88' lang='lat' dir='ltr'><strong>creari</strong></span> <span class='ocrx_word' id='word_1_202' title='bbox 774 2632 921 2715; x_wconf 88' lang='lat' dir='ltr'><strong>contigit.</strong></span> <span class='ocrx_word' id='word_1_203' title='bbox 947 2667 985 2676; x_wconf 93' lang='lat'>—</span> <span class='ocrx_word' id='word_1_204' title='bbox 1001 2630 1033 2714; x_wconf 85' lang='lat'><strong>3,</strong></span> <span class='ocrx_word' id='word_1_205' title='bbox 1050 2629 1116 2712; x_wconf 90' lang='grc'>6,3</span> <span class='ocrx_word' id='word_1_206' title='bbox 1136 2629 1245 2711; x_wconf 77' lang='lat' dir='ltr'><strong>chlamy·</strong></span> 
     </span>
     <span class='ocr_line' id='line_1_24' title="bbox 138 2730 1097 2817; baseline 0 -21"><span class='ocrx_word' id='word_1_207' title='bbox 138 2732 215 2798; x_wconf 88' lang='lat' dir='ltr'><strong>dato</strong></span> <span class='ocrx_word' id='word_1_208' title='bbox 238 2732 300 2796; x_wconf 93' lang='lat' dir='ltr'><strong>sibi</strong></span> <span class='ocrx_word' id='word_1_209' title='bbox 323 2741 355 2795; x_wconf 91' lang='lat' dir='ltr'><strong>et</strong></span> <span class='ocrx_word' id='word_1_210' title='bbox 376 2730 542 2817; x_wconf 82' lang='lat' dir='ltr'><strong>crepidato</strong></span> <span class='ocrx_word' id='word_1_211' title='bbox 565 2730 732 2795; x_wconf 90' lang='lat' dir='ltr'><strong>ambulare</strong></span> <span class='ocrx_word' id='word_1_212' title='bbox 754 2731 889 2812; x_wconf 75' lang='lat' dir='ltr'><strong>deforme</strong></span> <span class='ocrx_word' id='word_1_213' title='bbox 910 2752 974 2796; x_wconf 78' lang='lat' dir='ltr'><strong>uon</strong></span> <span class='ocrx_word' id='word_1_214' title='bbox 995 2732 1097 2796; x_wconf 73' lang='lat' dir='ltr'><strong>duxit.</strong></span> 
     </span>
    </p>

    <p class='ocr_par' dir='ltr' id='par_1_7' title="bbox 137 2831 1260 3408">
     <span class='ocr_line' id='line_1_25' title="bbox 223 2831 1256 2919; baseline -0.006 -23"><span class='ocrx_word' id='word_1_215' title='bbox 223 2833 357 2916; x_wconf 72' lang='grc'>81112,</span> <span class='ocrx_word' id='word_1_216' title='bbox 376 2833 459 2917; x_wconf 85' lang='grc'>1.1,3</span> <span class='ocrx_word' id='word_1_217' title='bbox 482 2831 664 2919; x_wconf 82' lang='lat' dir='ltr'><strong>Hispaniae</strong></span> <span class='ocrx_word' id='word_1_218' title='bbox 686 2855 852 2919; x_wconf 92' lang='lat' dir='ltr'><strong>nunquam</strong></span> <span class='ocrx_word' id='word_1_219' title='bbox 874 2835 1003 2898; x_wconf 76' lang='lat' dir='ltr'><strong>unimus</strong></span> <span class='ocrx_word' id='word_1_220' title='bbox 1022 2832 1087 2913; x_wconf 76' lang='lat' dir='ltr'><strong>fuit</strong></span> <span class='ocrx_word' id='word_1_221' title='bbox 1106 2831 1256 2896; x_wconf 80' lang='lat' dir='ltr'><strong>adversum</strong></span> 
     </span>
     <span class='ocr_line' id='line_1_26' title="bbox 137 2927 1260 3021; baseline -0.005 -20"><span class='ocrx_word' id='word_1_222' title='bbox 137 2958 195 3001; x_wconf 90' lang='lat' dir='ltr'><strong>nos</strong></span> <span class='ocrx_word' id='word_1_223' title='bbox 224 2936 398 3001; x_wconf 87' lang='lat' dir='ltr'><strong>universae</strong></span> <span class='ocrx_word' id='word_1_224' title='bbox 426 2955 635 3019; x_wconf 81' lang='lat' dir='ltr'><strong>consurgere.</strong></span> <span class='ocrx_word' id='word_1_225' title='bbox 669 2936 706 3017; x_wconf 85' lang='lat'><strong>3,</strong></span> <span class='ocrx_word' id='word_1_226' title='bbox 731 2935 783 3016; x_wconf 91' lang='grc'>12,</span> <span class='ocrx_word' id='word_1_227' title='bbox 807 2936 827 3000; x_wconf 90' lang='grc'><strong>6</strong></span> <span class='ocrx_word' id='word_1_228' title='bbox 855 2936 965 2999; x_wconf 89' lang='lat' dir='ltr'><strong>nescio</strong></span> <span class='ocrx_word' id='word_1_229' title='bbox 990 2956 1034 2999; x_wconf 90' lang='lat' dir='ltr'><strong>an</strong></span> <span class='ocrx_word' id='word_1_230' title='bbox 1055 2936 1156 3021; x_wconf 56' lang='lat' dir='ltr'><strong>⁵sullus</strong></span> <span class='ocrx_word' id='word_1_231' title='bbox 1177 2927 1260 3012; x_wconf 46' lang='lat' dir='ltr'><strong>suelli</strong></span> 
     </span>
     <span class='ocr_line' id='line_1_27' title="bbox 137 3031 1254 3126; baseline -0.007 -23"><span class='ocrx_word' id='word_1_232' title='bbox 137 3039 256 3126; x_wconf 92' lang='lat' dir='ltr'><strong>populo</strong></span> <span class='ocrx_word' id='word_1_233' title='bbox 271 3037 418 3101; x_wconf 91' lang='lat' dir='ltr'><strong>Romano</strong></span> <span class='ocrx_word' id='word_1_234' title='bbox 436 3035 549 3100; x_wconf 86' lang='lat' dir='ltr'><strong>Sicilia</strong></span> <span class='ocrx_word' id='word_1_235' title='bbox 564 3046 597 3101; x_wconf 90' lang='lat' dir='ltr'><strong>et</strong></span> <span class='ocrx_word' id='word_1_236' title='bbox 613 3037 728 3101; x_wconf 83' lang='lat' dir='ltr'><strong>Africa</strong></span> <span class='ocrx_word' id='word_1_237' title='bbox 742 3045 892 3101; x_wconf 88' lang='lat' dir='ltr'><strong>contento</strong></span> <span class='ocrx_word' id='word_1_238' title='bbox 907 3036 1010 3100; x_wconf 89' lang='lat' dir='ltr'><strong>fuisse</strong></span> <span class='ocrx_word' id='word_1_239' title='bbox 1031 3045 1089 3100; x_wconf 89' lang='lat' dir='ltr'><strong>aut</strong></span> <span class='ocrx_word' id='word_1_240' title='bbox 1110 3034 1157 3098; x_wconf 90' lang='lat' dir='ltr'><strong>his</strong></span> <span class='ocrx_word' id='word_1_241' title='bbox 1177 3031 1254 3096; x_wconf 76' lang='lat' dir='ltr'><strong>etan</strong></span> 
     </span>
     <span class='ocr_line' id='line_1_28' title="bbox 137 3129 1234 3226; baseline -0.008 -22"><span class='ocrx_word' id='word_1_242' title='bbox 137 3141 217 3226; x_wconf 87' lang='lat' dir='ltr'><strong>ipsis</strong></span> <span class='ocrx_word' id='word_1_243' title='bbox 240 3158 349 3203; x_wconf 89' lang='lat' dir='ltr'><strong>carere</strong></span> <span class='ocrx_word' id='word_1_244' title='bbox 372 3138 554 3204; x_wconf 84' lang='lat' dir='ltr'><strong>dominanti</strong></span> <span class='ocrx_word' id='word_1_245' title='bbox 575 3139 610 3201; x_wconf 93' lang='lat' dir='ltr'><strong>in</strong></span> <span class='ocrx_word' id='word_1_246' title='bbox 632 3137 730 3203; x_wconf 88' lang='lat' dir='ltr'><strong>Italia</strong></span> <span class='ocrx_word' id='word_1_247' title='bbox 752 3161 821 3206; x_wconf 82' lang='lat' dir='ltr'><strong>sua.</strong></span> <span class='ocrx_word' id='word_1_248' title='bbox 845 3177 883 3184; x_wconf 93' lang='lat'>—</span> <span class='ocrx_word' id='word_1_249' title='bbox 906 3129 1000 3202; x_wconf 83' lang='lat' dir='ltr'><strong>Lact.</strong></span> <span class='ocrx_word' id='word_1_250' title='bbox 1023 3138 1052 3222; x_wconf 92' lang='grc'>2,</span> <span class='ocrx_word' id='word_1_251' title='bbox 1078 3140 1105 3218; x_wconf 92' lang='lat' dir='ltr'><strong>l,</strong></span> <span class='ocrx_word' id='word_1_252' title='bbox 1127 3137 1161 3200; x_wconf 74' lang='lat'><strong>17</strong></span> <span class='ocrx_word' id='word_1_253' title='bbox 1180 3129 1234 3198; x_wconf 84' lang='lat' dir='ltr'><strong>nob&#39;</strong></span> 
     </span>
     <span class='ocr_line' id='line_1_29' title="bbox 139 3232 1247 3332; baseline -0.008 -25"><span class='ocrx_word' id='word_1_254' title='bbox 139 3243 271 3329; x_wconf 91' lang='lat' dir='ltr'><strong>proprie</strong></span> <span class='ocrx_word' id='word_1_255' title='bbox 293 3243 467 3332; x_wconf 71' lang='grc'>1111111111</span> <span class='ocrx_word' id='word_1_256' title='bbox 489 3238 613 3304; x_wconf 87' lang='lat' dir='ltr'><strong>caelum</strong></span> <span class='ocrx_word' id='word_1_257' title='bbox 636 3240 752 3326; x_wconf 86' lang='lat' dir='ltr'><strong>rigidis</strong></span> <span class='ocrx_word' id='word_1_258' title='bbox 776 3263 815 3305; x_wconf 92' lang='lat' dir='ltr'><strong>ac</strong></span> <span class='ocrx_word' id='word_1_259' title='bbox 837 3239 999 3303; x_wconf 86' lang='lat' dir='ltr'><strong>stantibus</strong></span> <span class='ocrx_word' id='word_1_260' title='bbox 1021 3239 1149 3304; x_wconf 87' lang='lat' dir='ltr'><strong>intueri.</strong></span> <span class='ocrx_word' id='word_1_261' title='bbox 1179 3232 1247 3300; x_wconf 81' lang='lat' dir='ltr'><strong>ctu·</strong></span> 
     </span>
     <span class='ocr_line' id='line_1_30' title="bbox 139 3341 1109 3408; baseline -0.004 0"><span class='ocrx_word' id='word_1_262' title='bbox 139 3344 225 3408; x_wconf 87' lang='lat' dir='ltr'><strong>dian.</strong></span> <span class='ocrx_word' id='word_1_263' title='bbox 249 3344 284 3406; x_wconf 91' lang='lat' dir='ltr'><strong>in</strong></span> <span class='ocrx_word' id='word_1_264' title='bbox 307 3343 414 3406; x_wconf 84' lang='lat' dir='ltr'><strong>Rufin.</strong></span> <span class='ocrx_word' id='word_1_265' title='bbox 439 3345 455 3405; x_wconf 88' lang='lat'>1</span> <span class='ocrx_word' id='word_1_266' title='bbox 479 3351 597 3406; x_wconf 89' lang='lat' dir='ltr'><strong>natura</strong></span> <span class='ocrx_word' id='word_1_267' title='bbox 620 3343 725 3407; x_wconf 86' lang='lat' dir='ltr'><strong>beatis</strong></span> <span class='ocrx_word' id='word_1_268' title='bbox 748 3343 900 3407; x_wconf 92' lang='lat' dir='ltr'><strong>omnibus</strong></span> <span class='ocrx_word' id='word_1_269' title='bbox 923 3362 994 3405; x_wconf 91' lang='lat' dir='ltr'><strong>esse</strong></span> <span class='ocrx_word' id='word_1_270' title='bbox 1016 3341 1109 3406; x_wconf 80' lang='lat' dir='ltr'><strong>dedit.</strong></span> 
     </span>
    </p>

    <p class='ocr_par' dir='ltr' id='par_1_8' title="bbox 128 3441 1247 4451">
     <span class='ocr_line' id='line_1_31' title="bbox 220 3441 1245 3529; baseline -0.009 -21"><span class='ocrx_word' id='word_1_271' title='bbox 220 3447 252 3509; x_wconf 87' lang='grc'><strong>4.</strong></span> <span class='ocrx_word' id='word_1_272' title='bbox 296 3445 385 3512; x_wconf 74' lang='lat' dir='ltr'><strong>Multi</strong></span> <span class='ocrx_word' id='word_1_273' title='bbox 406 3449 450 3509; x_wconf 79' lang='grc'><strong>111</strong></span> <span class='ocrx_word' id='word_1_274' title='bbox 475 3445 597 3508; x_wconf 76' lang='lat' dir='ltr'><strong>volenti.</strong></span> <span class='ocrx_word' id='word_1_275' title='bbox 631 3445 751 3508; x_wconf 87' lang='lat' dir='ltr'><strong>Dieser</strong></span> <span class='ocrx_word' id='word_1_276' title='bbox 773 3442 983 3507; x_wconf 84' lang='lat' dir='ltr'><strong>Graecismus</strong></span> <span class='ocrx_word' id='word_1_277' title='bbox 1011 3442 1169 3529; x_wconf 78' lang='grc' dir='ltr'>(θέλοντι,</span> <span class='ocrx_word' id='word_1_278' title='bbox 1188 3441 1245 3522; x_wconf 72' lang='lat' dir='ltr'><strong>pu</strong></span> 
     </span>
     <span class='ocr_line' id='line_1_32' title="bbox 137 3538 1247 3633; baseline -0.006 -22"><span class='ocrx_word' id='word_1_279' title='bbox 137 3545 422 3633; x_wconf 76' lang='grc' dir='ltr'>1ομένῳ,,ἁ’κοντί</span> <span class='ocrx_word' id='word_1_280' title='bbox 440 3568 497 3629; x_wconf 81' lang='grc' dir='ltr'><strong>μοι</strong></span> <span class='ocrx_word' id='word_1_281' title='bbox 521 3546 630 3631; x_wconf 81' lang='grc' dir='ltr'><strong><em>ἐστίν)</em></strong></span> <span class='ocrx_word' id='word_1_282' title='bbox 657 3546 760 3610; x_wconf 91' lang='lat' dir='ltr'><strong>findet</strong></span> <span class='ocrx_word' id='word_1_283' title='bbox 789 3545 857 3609; x_wconf 87' lang='lat' dir='ltr'><strong>sich</strong></span> <span class='ocrx_word' id='word_1_284' title='bbox 881 3554 991 3609; x_wconf 86' lang='lat' dir='ltr'><strong>zuerst</strong></span> <span class='ocrx_word' id='word_1_285' title='bbox 1012 3544 1066 3609; x_wconf 89' lang='lat' dir='ltr'><strong>bei</strong></span> <span class='ocrx_word' id='word_1_286' title='bbox 1089 3542 1175 3609; x_wconf 86' lang='lat' dir='ltr'><strong>Sall.</strong></span> <span class='ocrx_word' id='word_1_287' title='bbox 1196 3538 1247 3618; x_wconf 73' lang='lat' dir='ltr'><strong>lg·</strong></span> 
     </span>
     <span class='ocr_line' id='line_1_33' title="bbox 137 3635 1247 3734; baseline -0.007 -19"><span class='ocrx_word' id='word_1_288' title='bbox 137 3652 189 3733; x_wconf 89' lang='grc'><strong>84,</strong></span> <span class='ocrx_word' id='word_1_289' title='bbox 212 3651 232 3714; x_wconf 90' lang='grc'>3</span> <span class='ocrx_word' id='word_1_290' title='bbox 254 3671 358 3734; x_wconf 92' lang='lat' dir='ltr'><strong>neque</strong></span> <span class='ocrx_word' id='word_1_291' title='bbox 382 3646 467 3734; x_wconf 90' lang='lat' dir='ltr'><strong>plebi</strong></span> <span class='ocrx_word' id='word_1_292' title='bbox 490 3647 752 3712; x_wconf 86' lang='lat' dir='ltr'><strong>militia·volenti</strong></span> <span class='ocrx_word' id='word_1_293' title='bbox 774 3645 962 3733; x_wconf 90' lang='lat' dir='ltr'><strong>putabatur.</strong></span> <span class='ocrx_word' id='word_1_294' title='bbox 997 3646 1106 3729; x_wconf 89' lang='grc'>100,4</span> <span class='ocrx_word' id='word_1_295' title='bbox 1126 3646 1170 3709; x_wconf 89' lang='lat' dir='ltr'><strong>uti</strong></span> <span class='ocrx_word' id='word_1_296' title='bbox 1189 3635 1247 3706; x_wconf 76' lang='lat' dir='ltr'><strong>mili·</strong></span> 
     </span>
     <span class='ocr_line' id='line_1_34' title="bbox 136 3744 1247 3836; baseline -0.011 -17"><span class='ocrx_word' id='word_1_297' title='bbox 136 3753 224 3819; x_wconf 87' lang='lat' dir='ltr'><strong>tibus</strong></span> <span class='ocrx_word' id='word_1_298' title='bbox 258 3759 459 3835; x_wconf 86' lang='lat' dir='ltr'><strong>exaequatus</strong></span> <span class='ocrx_word' id='word_1_299' title='bbox 493 3771 567 3812; x_wconf 93' lang='lat' dir='ltr'><strong>cum</strong></span> <span class='ocrx_word' id='word_1_300' title='bbox 602 3751 797 3836; x_wconf 85' lang='lat' dir='ltr'><strong>imperatore</strong></span> <span class='ocrx_word' id='word_1_301' title='bbox 836 3747 927 3813; x_wconf 88' lang='lat' dir='ltr'><strong>labos</strong></span> <span class='ocrx_word' id='word_1_302' title='bbox 960 3745 1147 3812; x_wconf 87' lang='lat' dir='ltr'><strong>volentibus</strong></span> <span class='ocrx_word' id='word_1_303' title='bbox 1178 3744 1247 3809; x_wconf 77' lang='lat' dir='ltr'><strong>esset·</strong></span> 
     </span>
     <span class='ocr_line' id='line_1_35' title="bbox 128 3842 1247 3936; baseline -0.01 -17"><span class='ocrx_word' id='word_1_304' title='bbox 128 3848 232 3919; x_wconf 52' lang='lat' dir='ltr'><strong>&#39;Ganz</strong></span> <span class='ocrx_word' id='word_1_305' title='bbox 254 3851 434 3916; x_wconf 82' lang='lat' dir='ltr'><strong>vereinzelt</strong></span> <span class='ocrx_word' id='word_1_306' title='bbox 456 3851 508 3915; x_wconf 89' lang='lat' dir='ltr'><strong>bei</strong></span> <span class='ocrx_word' id='word_1_307' title='bbox 530 3851 604 3916; x_wconf 90' lang='lat' dir='ltr'><strong>Liv.</strong></span> <span class='ocrx_word' id='word_1_308' title='bbox 621 3852 673 3932; x_wconf 89' lang='grc'><strong>21,</strong></span> <span class='ocrx_word' id='word_1_309' title='bbox 688 3852 742 3933; x_wconf 86' lang='grc'>51),</span> <span class='ocrx_word' id='word_1_310' title='bbox 760 3851 799 3914; x_wconf 92' lang='grc'><strong>10</strong></span> <span class='ocrx_word' id='word_1_311' title='bbox 822 3859 854 3913; x_wconf 96' lang='grc'><strong>11</strong></span> <span class='ocrx_word' id='word_1_312' title='bbox 875 3847 1072 3936; x_wconf 88' lang='lat' dir='ltr'><strong>quibusdam</strong></span> <span class='ocrx_word' id='word_1_313' title='bbox 1096 3842 1247 3914; x_wconf 73' lang='lat' dir='ltr'><strong>volentibus</strong></span> 
     </span>
     <span class='ocr_line' id='line_1_36' title="bbox 135 3948 1246 4039; baseline -0.014 -17"><span class='ocrx_word' id='word_1_314' title='bbox 135 3978 238 4022; x_wconf 87' lang='lat' dir='ltr'><strong>novas</strong></span> <span class='ocrx_word' id='word_1_315' title='bbox 261 3977 313 4018; x_wconf 88' lang='lat' dir='ltr'><strong>res</strong></span> <span class='ocrx_word' id='word_1_316' title='bbox 335 3954 414 4018; x_wconf 84' lang='lat' dir='ltr'><strong>fore.</strong></span> <span class='ocrx_word' id='word_1_317' title='bbox 445 3951 523 4017; x_wconf 82' lang='lat' dir='ltr'><strong>Tae.</strong></span> <span class='ocrx_word' id='word_1_318' title='bbox 540 3955 620 4038; x_wconf 86' lang='lat' dir='ltr'><strong>Agr.</strong></span> <span class='ocrx_word' id='word_1_319' title='bbox 644 3953 683 4017; x_wconf 88' lang='lat'><strong>18</strong></span> <span class='ocrx_word' id='word_1_320' title='bbox 706 3953 825 4039; x_wconf 91' lang='lat' dir='ltr'><strong>quibus</strong></span> <span class='ocrx_word' id='word_1_321' title='bbox 848 3949 970 4014; x_wconf 90' lang='lat' dir='ltr'><strong>bellum</strong></span> <span class='ocrx_word' id='word_1_322' title='bbox 992 3949 1173 4016; x_wconf 88' lang='lat' dir='ltr'><strong>volentibus</strong></span> <span class='ocrx_word' id='word_1_323' title='bbox 1192 3948 1246 4010; x_wconf 85' lang='lat' dir='ltr'><strong>erat·</strong></span> 
     </span>
     <span class='ocr_line' id='line_1_37' title="bbox 136 4040 1246 4141; baseline -0.01 -18"><span class='ocrx_word' id='word_1_324' title='bbox 136 4059 168 4123; x_wconf 92' lang='lat' dir='ltr'><strong>h.</strong></span> <span class='ocrx_word' id='word_1_325' title='bbox 191 4060 228 4141; x_wconf 87' lang='lat'><strong>3,</strong></span> <span class='ocrx_word' id='word_1_326' title='bbox 250 4058 293 4122; x_wconf 88' lang='grc'><strong>43</strong></span> <span class='ocrx_word' id='word_1_327' title='bbox 321 4061 499 4140; x_wconf 87' lang='lat' dir='ltr'><strong>ceterisque</strong></span> <span class='ocrx_word' id='word_1_328' title='bbox 528 4076 695 4120; x_wconf 89' lang='lat' dir='ltr'><strong>remanere</strong></span> <span class='ocrx_word' id='word_1_329' title='bbox 723 4064 756 4119; x_wconf 86' lang='lat' dir='ltr'><strong>et</strong></span> <span class='ocrx_word' id='word_1_330' title='bbox 782 4057 816 4119; x_wconf 91' lang='lat' dir='ltr'><strong>in</strong></span> <span class='ocrx_word' id='word_1_331' title='bbox 843 4054 945 4118; x_wconf 84' lang='lat' dir='ltr'><strong>verba</strong></span> <span class='ocrx_word' id='word_1_332' title='bbox 967 4051 1161 4139; x_wconf 83' lang='lat' dir='ltr'><strong>Vespasiani</strong></span> <span class='ocrx_word' id='word_1_333' title='bbox 1184 4040 1246 4125; x_wconf 68' lang='lat' dir='ltr'><strong>adigi</strong></span> 
     </span>
     <span class='ocr_line' id='line_1_38' title="bbox 136 4139 1245 4241; baseline -0.014 -15"><span class='ocrx_word' id='word_1_334' title='bbox 136 4161 320 4226; x_wconf 90' lang='lat' dir='ltr'><strong>volentibus</strong></span> <span class='ocrx_word' id='word_1_335' title='bbox 343 4157 415 4224; x_wconf 87' lang='lat' dir='ltr'><strong>fuit.</strong></span> <span class='ocrx_word' id='word_1_336' title='bbox 446 4158 539 4224; x_wconf 88' lang='lat' dir='ltr'><strong>Nach</strong></span> <span class='ocrx_word' id='word_1_337' title='bbox 563 4160 670 4223; x_wconf 89' lang='lat' dir='ltr'><strong>dieser</strong></span> <span class='ocrx_word' id='word_1_338' title='bbox 685 4156 846 4241; x_wconf 88' lang='lat' dir='ltr'><strong>Analogie</strong></span> <span class='ocrx_word' id='word_1_339' title='bbox 868 4164 943 4240; x_wconf 89' lang='lat' dir='ltr'><strong>sagt</strong></span> <span class='ocrx_word' id='word_1_340' title='bbox 957 4176 1024 4218; x_wconf 90' lang='lat' dir='ltr'><strong>nun</strong></span> <span class='ocrx_word' id='word_1_341' title='bbox 1041 4153 1169 4218; x_wconf 86' lang='lat' dir='ltr'><strong>Tacitus</strong></span> <span class='ocrx_word' id='word_1_342' title='bbox 1188 4139 1245 4214; x_wconf 78' lang='lat' dir='ltr'><strong>ancl</strong></span> 
     </span>
     <span class='ocr_line' id='line_1_39' title="bbox 136 4250 1244 4348; baseline -0.013 -21"><span class='ocrx_word' id='word_1_343' title='bbox 136 4254 210 4327; x_wconf 86' lang='lat' dir='ltr'><strong>arin.</strong></span> <span class='ocrx_word' id='word_1_344' title='bbox 235 4267 269 4345; x_wconf 91' lang='lat'><strong>1,</strong></span> <span class='ocrx_word' id='word_1_345' title='bbox 292 4262 334 4326; x_wconf 83' lang='lat'><strong>59</strong></span> <span class='ocrx_word' id='word_1_346' title='bbox 356 4271 392 4325; x_wconf 90' lang='lat' dir='ltr'><strong>ut</strong></span> <span class='ocrx_word' id='word_1_347' title='bbox 414 4262 597 4348; x_wconf 85' lang='lat' dir='ltr'><strong>quibusque</strong></span> <span class='ocrx_word' id='word_1_348' title='bbox 623 4259 744 4326; x_wconf 91' lang='lat' dir='ltr'><strong>bellum</strong></span> <span class='ocrx_word' id='word_1_349' title='bbox 766 4260 877 4324; x_wconf 76' lang='grc'>11111111</span> <span class='ocrx_word' id='word_1_350' title='bbox 904 4264 961 4321; x_wconf 92' lang='lat' dir='ltr'><strong>aut</strong></span> <span class='ocrx_word' id='word_1_351' title='bbox 983 4250 1244 4340; x_wconf 63' lang='lat' dir='ltr'><strong>captationem·</strong></span> 
     </span>
     <span class='ocr_line' id='line_1_40' title="bbox 137 4349 1243 4451; baseline -0.019 -22"><span class='ocrx_word' id='word_1_352' title='bbox 137 4403 175 4410; x_wconf 93' lang='lat'>—</span> <span class='ocrx_word' id='word_1_353' title='bbox 198 4365 302 4429; x_wconf 89' lang='lat' dir='ltr'><strong>Unter</strong></span> <span class='ocrx_word' id='word_1_354' title='bbox 325 4363 387 4427; x_wconf 92' lang='lat' dir='ltr'><strong>den</strong></span> <span class='ocrx_word' id='word_1_355' title='bbox 404 4363 563 4451; x_wconf 79' lang='lat' dir='ltr'><strong>Spateren</strong></span> <span class='ocrx_word' id='word_1_356' title='bbox 585 4361 669 4428; x_wconf 90' lang='lat' dir='ltr'><strong>noch</strong></span> <span class='ocrx_word' id='word_1_357' title='bbox 685 4362 828 4428; x_wconf 92' lang='lat' dir='ltr'><strong>Macrob.</strong></span> <span class='ocrx_word' id='word_1_358' title='bbox 845 4369 905 4426; x_wconf 88' lang='lat' dir='ltr'><strong>sat.</strong></span> <span class='ocrx_word' id='word_1_359' title='bbox 923 4360 987 4443; x_wconf 78' lang='lat'><strong>1,·7</strong></span> <span class='ocrx_word' id='word_1_360' title='bbox 1011 4362 1040 4424; x_wconf 87' lang='lat' dir='ltr'><strong>si</strong></span> <span class='ocrx_word' id='word_1_361' title='bbox 1059 4357 1151 4423; x_wconf 90' lang='lat' dir='ltr'><strong>vobis</strong></span> <span class='ocrx_word' id='word_1_362' title='bbox 1164 4349 1243 4419; x_wconf 84' lang='lat' dir='ltr'><strong>volen-</strong></span> 
     </span>
    </p>
   </div>
   <div class='ocr_carea' id='block_1_4' title="bbox 136 4456 1242 4547">
    <p class='ocr_par' dir='ltr' id='par_1_9' title="bbox 136 4456 1242 4547">
     <span class='ocr_line' id='line_1_41' title="bbox 136 4456 1242 4547; baseline -0.016 -12"><span class='ocrx_word' id='word_1_363' title='bbox 136 4468 224 4536; x_wconf 89' lang='lat' dir='ltr'><strong>tibus</strong></span> <span class='ocrx_word' id='word_1_364' title='bbox 253 4467 324 4531; x_wconf 90' lang='lat' dir='ltr'><strong>erit.</strong></span> <span class='ocrx_word' id='word_1_365' title='bbox 370 4469 467 4532; x_wconf 82' lang='lat' dir='ltr'><strong>Sonst</strong></span> <span class='ocrx_word' id='word_1_366' title='bbox 495 4467 538 4532; x_wconf 88' lang='lat' dir='ltr'><strong>ist</strong></span> <span class='ocrx_word' id='word_1_367' title='bbox 565 4456 618 4530; x_wconf 87' lang='lat' dir='ltr'><strong>die</strong></span> <span class='ocrx_word' id='word_1_368' title='bbox 642 4465 873 4534; x_wconf 84' lang='lat' dir='ltr'><strong>Construction</strong></span> <span class='ocrx_word' id='word_1_369' title='bbox 901 4463 993 4528; x_wconf 88' lang='lat' dir='ltr'><strong>nicht</strong></span> <span class='ocrx_word' id='word_1_370' title='bbox 1020 4460 1242 4547; x_wconf 79' lang='lat' dir='ltr'><strong>nachgewiesen</strong></span> 
     </span>
    </p>
   </div>
   <div class='ocr_carea' id='block_1_5' title="bbox 0 0 1430 5002">
    <p class='ocr_par' dir='ltr' id='par_1_10' title="bbox 0 0 1430 5002">
     <span class='ocr_line' id='line_1_42' title="bbox 0 0 1430 5002; baseline 0 1"><span class='ocrx_word' id='word_1_371' title='bbox 0 0 1430 5002; x_wconf 95' lang='lat' dir='ltr'><strong> </strong></span> 
     </span>
    </p>
   </div>
  </div>
 </body>
</html>
