<?xml version="1.0" encoding="UTF-8"?>
<!DOCTYPE html PUBLIC "-//W3C//DTD XHTML 1.0 Transitional//EN"
    "http://www.w3.org/TR/xhtml1/DTD/xhtml1-transitional.dtd">
<html xmlns="http://www.w3.org/1999/xhtml" xml:lang="en" lang="en">
 <head>
  <title>
</title>
<meta http-equiv="Content-Type" content="text/html;charset=utf-8" />
  <meta name='ocr-system' content='tesseract 3.04.00' />
  <meta name='ocr-capabilities' content='ocr_page ocr_carea ocr_par ocr_line ocrx_word'/>
</head>
<body>
  <div class='ocr_page' id='page_1' title='image "./historischesynt00draegoog_0277.png"; bbox 0 0 2850 5002; ppageno 0'>
   <div class='ocr_carea' id='block_1_1' title="bbox 590 357 819 421">
    <p class='ocr_par' dir='ltr' id='par_1_1' title="bbox 590 357 819 421">
     <span class='ocr_line' id='line_1_1' title="bbox 590 357 819 421; baseline 0.004 -1"><span class='ocrx_word' id='word_1_1' title='bbox 590 357 819 421; x_wconf 80' lang='lat'><strong>-238-</strong></span> 
     </span>
    </p>
   </div>
   <div class='ocr_carea' id='block_1_2' title="bbox 136 508 1241 1305">
    <p class='ocr_par' dir='ltr' id='par_1_2' title="bbox 137 508 1241 899">
     <span class='ocr_line' id='line_1_2' title="bbox 137 508 1241 597; baseline 0 -23"><span class='ocrx_word' id='word_1_2' title='bbox 137 512 234 576; x_wconf 90' lang='lat' dir='ltr'>etiam</span> <span class='ocrx_word' id='word_1_3' title='bbox 258 531 428 597; x_wconf 79' lang='lat' dir='ltr'>capessere</span> <span class='ocrx_word' id='word_1_4' title='bbox 450 510 561 594; x_wconf 86' lang='lat' dir='ltr'>fugam</span> <span class='ocrx_word' id='word_1_5' title='bbox 591 510 769 596; x_wconf 84' lang='lat' dir='ltr'>impulerit&#39;</span> <span class='ocrx_word' id='word_1_6' title='bbox 802 508 967 596; x_wconf 88' lang='lat' dir='ltr'>Lamprid,</span> <span class='ocrx_word' id='word_1_7' title='bbox 991 508 1091 573; x_wconf 89' lang='lat' dir='ltr'>Diad.</span> <span class='ocrx_word' id='word_1_8' title='bbox 1120 509 1141 572; x_wconf 82' lang='lat'>9</span> <span class='ocrx_word' id='word_1_9' title='bbox 1163 520 1194 574; x_wconf 90' lang='lat' dir='ltr'>et</span> <span class='ocrx_word' id='word_1_10' title='bbox 1219 532 1241 594; x_wconf 88' lang='lat' dir='ltr'>q</span> 
     </span>
     <span class='ocr_line' id='line_1_3' title="bbox 137 609 1241 698; baseline -0.005 -22"><span class='ocrx_word' id='word_1_11' title='bbox 137 612 368 676; x_wconf 82' lang='lat' dir='ltr'>deformaverit</span> <span class='ocrx_word' id='word_1_12' title='bbox 382 611 564 698; x_wconf 90' lang='lat' dir='ltr'>imperium.</span> <span class='ocrx_word' id='word_1_13' title='bbox 589 609 727 697; x_wconf 79' lang='lat' dir='ltr'>Capitol.</span> <span class='ocrx_word' id='word_1_14' title='bbox 743 611 833 675; x_wconf 85' lang='lat' dir='ltr'>Max.</span> <span class='ocrx_word' id='word_1_15' title='bbox 851 613 868 675; x_wconf 80' lang='lat'><strong>7</strong></span> <span class='ocrx_word' id='word_1_16' title='bbox 892 613 984 676; x_wconf 88' lang='lat' dir='ltr'>cuius</span> <span class='ocrx_word' id='word_1_17' title='bbox 1008 620 1097 676; x_wconf 86' lang='lat' dir='ltr'>aetas</span> <span class='ocrx_word' id='word_1_18' title='bbox 1121 610 1163 675; x_wconf 91' lang='lat' dir='ltr'>ab</span> <span class='ocrx_word' id='word_1_19' title='bbox 1184 611 1241 675; x_wconf 84' lang='lat' dir='ltr'>init:</span> 
     </span>
     <span class='ocr_line' id='line_1_4' title="bbox 137 711 1241 799; baseline -0.002 -22"><span class='ocrx_word' id='word_1_20' title='bbox 137 713 300 777; x_wconf 86' lang='lat' dir='ltr'>contemni</span> <span class='ocrx_word' id='word_1_21' title='bbox 331 715 481 799; x_wconf 86' lang='lat' dir='ltr'>potuerit.</span> <span class='ocrx_word' id='word_1_22' title='bbox 519 713 652 798; x_wconf 89' lang='lat' dir='ltr'>Vopisc.</span> <span class='ocrx_word' id='word_1_23' title='bbox 676 711 802 778; x_wconf 91' lang='lat' dir='ltr'>Procul.</span> <span class='ocrx_word' id='word_1_24' title='bbox 833 715 847 776; x_wconf 91' lang='lat'>1</span> <span class='ocrx_word' id='word_1_25' title='bbox 877 714 932 798; x_wconf 93' lang='lat' dir='ltr'>qui</span> <span class='ocrx_word' id='word_1_26' title='bbox 960 721 1070 776; x_wconf 87' lang='lat' dir='ltr'>tamen</span> <span class='ocrx_word' id='word_1_27' title='bbox 1097 751 1139 760; x_wconf 92' lang='lat'><em>-</em></span> <span class='ocrx_word' id='word_1_28' title='bbox 1166 712 1241 797; x_wconf 87' lang='lat' dir='ltr'>egen&#39;</span> 
     </span>
     <span class='ocr_line' id='line_1_5' title="bbox 137 814 1159 899; baseline -0.001 -22"><span class='ocrx_word' id='word_1_29' title='bbox 137 814 231 879; x_wconf 85' lang='lat' dir='ltr'>Eutr.</span> <span class='ocrx_word' id='word_1_30' title='bbox 256 816 284 896; x_wconf 80' lang='lat'>7,</span> <span class='ocrx_word' id='word_1_31' title='bbox 311 815 349 878; x_wconf 92' lang='grc'>12</span> <span class='ocrx_word' id='word_1_32' title='bbox 373 815 482 899; x_wconf 92' lang='lat' dir='ltr'>etqui</span> <span class='ocrx_word' id='word_1_33' title='bbox 506 814 602 877; x_wconf 89' lang='lat' dir='ltr'>etiam</span> <span class='ocrx_word' id='word_1_34' title='bbox 626 815 752 878; x_wconf 87' lang='lat' dir='ltr'>Tiberii</span> <span class='ocrx_word' id='word_1_35' title='bbox 775 814 935 878; x_wconf 86' lang='lat' dir='ltr'>dedecora</span> <span class='ocrx_word' id='word_1_36' title='bbox 957 815 1159 898; x_wconf 82' lang='lat' dir='ltr'>purgaverit.</span> 
     </span>
    </p>

    <p class='ocr_par' dir='ltr' id='par_1_3' title="bbox 136 913 1241 1305">
     <span class='ocr_line' id='line_1_6' title="bbox 221 913 1241 1001; baseline -0.002 -21"><span class='ocrx_word' id='word_1_37' title='bbox 221 915 257 1000; x_wconf 87' lang='lat' dir='ltr'>b)</span> <span class='ocrx_word' id='word_1_38' title='bbox 280 916 463 1000; x_wconf 88' lang='lat' dir='ltr'>negativ:</span> <span class='ocrx_word' id='word_1_39' title='bbox 487 913 560 978; x_wconf 92' lang='lat' dir='ltr'>Val.</span> <span class='ocrx_word' id='word_1_40' title='bbox 584 915 672 979; x_wconf 81' lang='lat' dir='ltr'>Max.</span> <span class='ocrx_word' id='word_1_41' title='bbox 702 916 732 996; x_wconf 84' lang='lat'>8,</span> <span class='ocrx_word' id='word_1_42' title='bbox 759 918 806 995; x_wconf 82' lang='lat'>15,</span> <span class='ocrx_word' id='word_1_43' title='bbox 831 917 848 979; x_wconf 90' lang='lat' dir='ltr'>&#39;l</span> <span class='ocrx_word' id='word_1_44' title='bbox 872 937 966 979; x_wconf 91' lang='lat' dir='ltr'>nemo</span> <span class='ocrx_word' id='word_1_45' title='bbox 989 914 1053 979; x_wconf 89' lang='lat' dir='ltr'>fuit</span> <span class='ocrx_word' id='word_1_46' title='bbox 1075 914 1129 1001; x_wconf 93' lang='lat' dir='ltr'>qui</span> <span class='ocrx_word' id='word_1_47' title='bbox 1151 937 1241 978; x_wconf 91' lang='lat' dir='ltr'>non·</span> 
     </span>
     <span class='ocr_line' id='line_1_7' title="bbox 136 1014 1241 1101; baseline -0.002 -21"><span class='ocrx_word' id='word_1_48' title='bbox 136 1016 300 1082; x_wconf 87' lang='lat' dir='ltr'>libaverit.</span> <span class='ocrx_word' id='word_1_49' title='bbox 324 1016 413 1082; x_wconf 85' lang='lat' dir='ltr'>Suet.</span> <span class='ocrx_word' id='word_1_50' title='bbox 439 1016 510 1080; x_wconf 88' lang='lat' dir='ltr'>Oct.</span> <span class='ocrx_word' id='word_1_51' title='bbox 533 1017 575 1080; x_wconf 78' lang='lat'>45</span> <span class='ocrx_word' id='word_1_52' title='bbox 597 1014 679 1080; x_wconf 92' lang='lat' dir='ltr'>nulli</span> <span class='ocrx_word' id='word_1_53' title='bbox 696 1015 821 1082; x_wconf 81' lang='lat' dir='ltr'>Graeco</span> <span class='ocrx_word' id='word_1_54' title='bbox 846 1017 1016 1080; x_wconf 84' lang='lat' dir='ltr'>certamini</span> <span class='ocrx_word' id='word_1_55' title='bbox 1037 1016 1195 1099; x_wconf 81' lang='lat' dir='ltr'>interfuit,</span> <span class='ocrx_word' id='word_1_56' title='bbox 1209 1038 1241 1101; x_wconf 92' lang='lat' dir='ltr'>qu</span> 
     </span>
     <span class='ocr_line' id='line_1_8' title="bbox 136 1115 1240 1204; baseline -0.005 -21"><span class='ocrx_word' id='word_1_57' title='bbox 136 1141 201 1183; x_wconf 91' lang='lat' dir='ltr'>non</span> <span class='ocrx_word' id='word_1_58' title='bbox 229 1141 288 1204; x_wconf 89' lang='lat' dir='ltr'>pro</span> <span class='ocrx_word' id='word_1_59' title='bbox 317 1120 433 1182; x_wconf 92' lang='lat' dir='ltr'>merito</span> <span class='ocrx_word' id='word_1_60' title='bbox 462 1139 623 1203; x_wconf 90' lang='lat' dir='ltr'>quemque</span> <span class='ocrx_word' id='word_1_61' title='bbox 653 1120 847 1183; x_wconf 80' lang='lat' dir='ltr'>certantium</span> <span class='ocrx_word' id='word_1_62' title='bbox 876 1117 1054 1186; x_wconf 84' lang='lat' dir='ltr'>honorarit.</span> <span class='ocrx_word' id='word_1_63' title='bbox 1079 1115 1177 1203; x_wconf 88' lang='lat' dir='ltr'>Apul.</span> <span class='ocrx_word' id='word_1_64' title='bbox 1197 1138 1240 1179; x_wconf 90' lang='lat' dir='ltr'>me</span> 
     </span>
     <span class='ocr_line' id='line_1_9' title="bbox 139 1216 1241 1305; baseline -0.003 -21"><span class='ocrx_word' id='word_1_65' title='bbox 139 1221 188 1301; x_wconf 88' lang='lat'>10,</span> <span class='ocrx_word' id='word_1_66' title='bbox 207 1221 246 1282; x_wconf 83' lang='grc'>12</span> <span class='ocrx_word' id='word_1_67' title='bbox 269 1241 306 1282; x_wconf 90' lang='lat' dir='ltr'>ac</span> <span class='ocrx_word' id='word_1_68' title='bbox 321 1241 361 1283; x_wconf 89' lang='lat' dir='ltr'>no</span> <span class='ocrx_word' id='word_1_69' title='bbox 377 1218 425 1282; x_wconf 77' lang='lat' dir='ltr'>&#39;de</span> <span class='ocrx_word' id='word_1_70' title='bbox 447 1219 517 1305; x_wconf 90' lang='lat' dir='ltr'>ipso</span> <span class='ocrx_word' id='word_1_71' title='bbox 542 1217 672 1305; x_wconf 91' lang='lat' dir='ltr'>quidem</span> <span class='ocrx_word' id='word_1_72' title='bbox 696 1218 815 1304; x_wconf 94' lang='lat' dir='ltr'>populo</span> <span class='ocrx_word' id='word_1_73' title='bbox 838 1222 1020 1305; x_wconf 88' lang='lat' dir='ltr'>quisquam,</span> <span class='ocrx_word' id='word_1_74' title='bbox 1044 1220 1100 1305; x_wconf 95' lang='lat' dir='ltr'>qui</span> <span class='ocrx_word' id='word_1_75' title='bbox 1122 1240 1186 1282; x_wconf 90' lang='lat' dir='ltr'>non</span> <span class='ocrx_word' id='word_1_76' title='bbox 1198 1216 1241 1281; x_wconf 82' lang='lat' dir='ltr'>illu</span> 
     </span>
    </p>
   </div>
   <div class='ocr_carea' id='block_1_3' title="bbox 136 1319 1241 1812">
    <p class='ocr_par' dir='ltr' id='par_1_4' title="bbox 136 1319 1241 1711">
     <span class='ocr_line' id='line_1_10' title="bbox 137 1319 1241 1406; baseline -0.001 -22"><span class='ocrx_word' id='word_1_77' title='bbox 137 1324 262 1384; x_wconf 91' lang='lat' dir='ltr'>curiose</span> <span class='ocrx_word' id='word_1_78' title='bbox 290 1319 495 1384; x_wconf 88' lang='lat' dir='ltr'>confluxerit.</span> <span class='ocrx_word' id='word_1_79' title='bbox 530 1320 615 1384; x_wconf 85' lang='lat' dir='ltr'>Just.</span> <span class='ocrx_word' id='word_1_80' title='bbox 645 1321 694 1403; x_wconf 93' lang='grc'>12,</span> <span class='ocrx_word' id='word_1_81' title='bbox 720 1320 757 1383; x_wconf 88' lang='grc'>16</span> <span class='ocrx_word' id='word_1_82' title='bbox 781 1321 891 1406; x_wconf 86' lang='lat' dir='ltr'>itaque</span> <span class='ocrx_word' id='word_1_83' title='bbox 918 1344 992 1385; x_wconf 93' lang='lat' dir='ltr'>cum</span> <span class='ocrx_word' id='word_1_84' title='bbox 1020 1319 1109 1384; x_wconf 91' lang='lat' dir='ltr'>nullo</span> <span class='ocrx_word' id='word_1_85' title='bbox 1138 1342 1241 1406; x_wconf 85' lang='lat' dir='ltr'>unqua·</span> 
     </span>
     <span class='ocr_line' id='line_1_11' title="bbox 137 1418 1235 1506; baseline -0.005 -20"><span class='ocrx_word' id='word_1_86' title='bbox 137 1422 229 1486; x_wconf 91' lang='lat' dir='ltr'>hoste</span> <span class='ocrx_word' id='word_1_87' title='bbox 252 1443 444 1506; x_wconf 87' lang='lat' dir='ltr'>congressus</span> <span class='ocrx_word' id='word_1_88' title='bbox 473 1431 523 1484; x_wconf 86' lang='lat' dir='ltr'>est</span> <span class='ocrx_word' id='word_1_89' title='bbox 551 1420 768 1504; x_wconf 86' lang='lat' dir='ltr'>(Alexander)</span> <span class='ocrx_word' id='word_1_90' title='bbox 789 1444 886 1506; x_wconf 92' lang='lat' dir='ltr'>quem</span> <span class='ocrx_word' id='word_1_91' title='bbox 908 1444 973 1486; x_wconf 89' lang='lat' dir='ltr'>non</span> <span class='ocrx_word' id='word_1_92' title='bbox 996 1423 1128 1502; x_wconf 85' lang='lat' dir='ltr'>vicerit,</span> <span class='ocrx_word' id='word_1_93' title='bbox 1156 1418 1235 1484; x_wconf 85' lang='lat' dir='ltr'>nulla</span> 
     </span>
     <span class='ocr_line' id='line_1_12' title="bbox 136 1521 1241 1609; baseline -0.001 -23"><span class='ocrx_word' id='word_1_94' title='bbox 136 1523 248 1588; x_wconf 88' lang='lat' dir='ltr'>urbem</span> <span class='ocrx_word' id='word_1_95' title='bbox 265 1523 394 1588; x_wconf 87' lang='lat' dir='ltr'>obsedit</span> <span class='ocrx_word' id='word_1_96' title='bbox 417 1544 512 1609; x_wconf 87' lang='lat' dir='ltr'>quam</span> <span class='ocrx_word' id='word_1_97' title='bbox 534 1545 606 1593; x_wconf 78' lang='lat' dir='ltr'>non¹</span> <span class='ocrx_word' id='word_1_98' title='bbox 622 1525 874 1609; x_wconf 81' lang='lat' dir='ltr'>expugnaverit,</span> <span class='ocrx_word' id='word_1_99' title='bbox 898 1522 1018 1587; x_wconf 88' lang='lat' dir='ltr'>nullam</span> <span class='ocrx_word' id='word_1_100' title='bbox 1041 1534 1171 1608; x_wconf 89' lang='lat' dir='ltr'>gentem</span> <span class='ocrx_word' id='word_1_101' title='bbox 1192 1521 1241 1586; x_wconf 89' lang='lat' dir='ltr'>adi</span> 
     </span>
     <span class='ocr_line' id='line_1_13' title="bbox 137 1623 526 1711; baseline -0.003 -24"><span class='ocrx_word' id='word_1_102' title='bbox 137 1646 233 1711; x_wconf 91' lang='lat' dir='ltr'>quam</span> <span class='ocrx_word' id='word_1_103' title='bbox 255 1647 320 1688; x_wconf 93' lang='lat' dir='ltr'>non</span> <span class='ocrx_word' id='word_1_104' title='bbox 342 1623 526 1689; x_wconf 80' lang='lat' dir='ltr'>calcaverit.</span> 
     </span>
    </p>

    <p class='ocr_par' dir='ltr' id='par_1_5' title="bbox 222 1711 1215 1812">
     <span class='ocr_line' id='line_1_14' title="bbox 222 1711 1215 1812; baseline -0.001 -23"><span class='ocrx_word' id='word_1_105' title='bbox 222 1711 373 1789; x_wconf 86' lang='lat' dir='ltr'>Wechsel</span> <span class='ocrx_word' id='word_1_106' title='bbox 397 1725 455 1788; x_wconf 87' lang='lat' dir='ltr'>der</span> <span class='ocrx_word' id='word_1_107' title='bbox 477 1725 648 1812; x_wconf 85' lang='lat' dir='ltr'>Tempora,</span> <span class='ocrx_word' id='word_1_108' title='bbox 670 1727 750 1790; x_wconf 85' lang='lat' dir='ltr'>aber</span> <span class='ocrx_word' id='word_1_109' title='bbox 772 1726 938 1809; x_wconf 83' lang='lat' dir='ltr'>unsicher,</span> <span class='ocrx_word' id='word_1_110' title='bbox 963 1729 1017 1792; x_wconf 92' lang='lat' dir='ltr'>bei</span> <span class='ocrx_word' id='word_1_111' title='bbox 1039 1727 1106 1791; x_wconf 81' lang='lat' dir='ltr'>Cic.</span> <span class='ocrx_word' id='word_1_112' title='bbox 1130 1724 1215 1791; x_wconf 89' lang='lat' dir='ltr'>acad.</span> 
     </span>
    </p>
   </div>
   <div class='ocr_carea' id='block_1_4' title="bbox 61 1825 1241 4546">
    <p class='ocr_par' dir='ltr' id='par_1_6' title="bbox 136 1825 1241 2016">
     <span class='ocr_line' id='line_1_15' title="bbox 139 1825 1241 1911; baseline -0.001 -21"><span class='ocrx_word' id='word_1_113' title='bbox 139 1828 188 1908; x_wconf 84' lang='lat'>10,</span> <span class='ocrx_word' id='word_1_114' title='bbox 210 1826 252 1892; x_wconf 84' lang='lat'>35</span> <span class='ocrx_word' id='word_1_115' title='bbox 274 1827 364 1891; x_wconf 79' lang='lat' dir='ltr'>Zeno</span> <span class='ocrx_word' id='word_1_116' title='bbox 387 1825 476 1890; x_wconf 92' lang='lat' dir='ltr'>nullo</span> <span class='ocrx_word' id='word_1_117' title='bbox 499 1828 594 1891; x_wconf 91' lang='lat' dir='ltr'>modo</span> <span class='ocrx_word' id='word_1_118' title='bbox 618 1828 645 1890; x_wconf 89' lang='lat' dir='ltr'>is</span> <span class='ocrx_word' id='word_1_119' title='bbox 669 1836 738 1890; x_wconf 89' lang='lat' dir='ltr'>erat</span> <span class='ocrx_word' id='word_1_120' title='bbox 760 1830 816 1911; x_wconf 92' lang='lat' dir='ltr'>qui</span> <span class='ocrx_word' id='word_1_121' title='bbox 838 1866 879 1875; x_wconf 91' lang='lat'>-</span> <span class='ocrx_word' id='word_1_122' title='bbox 901 1827 1056 1893; x_wconf 89' lang='lat' dir='ltr'>inciderit</span> <span class='ocrx_word' id='word_1_123' title='bbox 1079 1825 1134 1911; x_wconf 88' lang='lat' dir='ltr'>(al.</span> <span class='ocrx_word' id='word_1_124' title='bbox 1155 1825 1241 1890; x_wconf 87' lang='lat' dir='ltr'>incid</span> 
     </span>
     <span class='ocr_line' id='line_1_16' title="bbox 136 1926 949 2016; baseline 0 -25"><span class='ocrx_word' id='word_1_125' title='bbox 136 1929 211 2011; x_wconf 82' lang='lat' dir='ltr'>ret),</span> <span class='ocrx_word' id='word_1_126' title='bbox 235 1926 293 1993; x_wconf 91' lang='lat' dir='ltr'>sed</span> <span class='ocrx_word' id='word_1_127' title='bbox 316 1936 440 2009; x_wconf 91' lang='lat' dir='ltr'>contra,</span> <span class='ocrx_word' id='word_1_128' title='bbox 464 1930 521 2013; x_wconf 90' lang='lat' dir='ltr'>qui</span> <span class='ocrx_word' id='word_1_129' title='bbox 543 1929 652 1992; x_wconf 84' lang='lat' dir='ltr'>omnia</span> <span class='ocrx_word' id='word_1_130' title='bbox 672 1940 871 2016; x_wconf 88' lang='lat' dir='ltr'>—poneret</span> <span class='ocrx_word' id='word_1_131' title='bbox 893 1937 949 1992; x_wconf 91' lang='lat' dir='ltr'>ctt.</span> 
     </span>
    </p>

    <p class='ocr_par' dir='ltr' id='par_1_7' title="bbox 123 2028 1241 3631">
     <span class='ocr_line' id='line_1_17' title="bbox 220 2028 1241 2117; baseline -0.002 -24"><span class='ocrx_word' id='word_1_132' title='bbox 220 2033 250 2098; x_wconf 91' lang='grc'>4.</span> <span class='ocrx_word' id='word_1_133' title='bbox 295 2028 644 2114; x_wconf 74' lang='lat' dir='ltr'>Temporalsat‘ze.</span> <span class='ocrx_word' id='word_1_134' title='bbox 689 2028 763 2093; x_wconf 90' lang='lat' dir='ltr'>Val.</span> <span class='ocrx_word' id='word_1_135' title='bbox 786 2037 872 2094; x_wconf 86' lang='lat' dir='ltr'>Max.</span> <span class='ocrx_word' id='word_1_136' title='bbox 904 2031 1072 2113; x_wconf 65' lang='lat' dir='ltr'>qoem.</span> <span class='ocrx_word' id='word_1_137' title='bbox 1096 2032 1241 2117; x_wconf 71' lang='lat' dir='ltr'>exspiras</span> 
     </span>
     <span class='ocr_line' id='line_1_18' title="bbox 131 2131 1241 2217; baseline -0.002 -21"><span class='ocrx_word' id='word_1_138' title='bbox 131 2134 227 2214; x_wconf 76' lang='lat' dir='ltr'>prius</span> <span class='ocrx_word' id='word_1_139' title='bbox 249 2152 360 2196; x_wconf 90' lang='lat' dir='ltr'>eorum</span> <span class='ocrx_word' id='word_1_140' title='bbox 381 2139 451 2194; x_wconf 89' lang='lat' dir='ltr'>tota</span> <span class='ocrx_word' id='word_1_141' title='bbox 471 2131 587 2194; x_wconf 83' lang='lat' dir='ltr'>civitas</span> <span class='ocrx_word' id='word_1_142' title='bbox 609 2152 706 2212; x_wconf 80' lang='lat' dir='ltr'>quam</span> <span class='ocrx_word' id='word_1_143' title='bbox 727 2131 794 2195; x_wconf 86' lang='lat' dir='ltr'>ulla</span> <span class='ocrx_word' id='word_1_144' title='bbox 816 2153 858 2194; x_wconf 84' lang='lat' dir='ltr'>ex</span> <span class='ocrx_word' id='word_1_145' title='bbox 880 2140 972 2217; x_wconf 89' lang='lat' dir='ltr'>parte</span> <span class='ocrx_word' id='word_1_146' title='bbox 988 2132 1155 2197; x_wconf 85' lang='lat' dir='ltr'>Romanae</span> <span class='ocrx_word' id='word_1_147' title='bbox 1176 2131 1241 2197; x_wconf 85' lang='lat' dir='ltr'>soci</span> 
     </span>
     <span class='ocr_line' id='line_1_19' title="bbox 123 2231 1241 2320; baseline 0.002 -24"><span class='ocrx_word' id='word_1_148' title='bbox 123 2235 212 2311; x_wconf 40' lang='lat' dir='ltr'>,tatis</span> <span class='ocrx_word' id='word_1_149' title='bbox 235 2242 419 2320; x_wconf 89' lang='lat' dir='ltr'>respectum</span> <span class='ocrx_word' id='word_1_150' title='bbox 449 2231 646 2318; x_wconf 88' lang='lat' dir='ltr'>deposuerit.</span> <span class='ocrx_word' id='word_1_151' title='bbox 680 2231 778 2317; x_wconf 90' lang='lat' dir='ltr'>Apul.</span> <span class='ocrx_word' id='word_1_152' title='bbox 803 2241 877 2296; x_wconf 91' lang='lat' dir='ltr'>met.</span> <span class='ocrx_word' id='word_1_153' title='bbox 901 2233 933 2315; x_wconf 94' lang='grc'>2,</span> <span class='ocrx_word' id='word_1_154' title='bbox 956 2233 998 2297; x_wconf 87' lang='grc'>32</span> <span class='ocrx_word' id='word_1_155' title='bbox 1025 2255 1085 2296; x_wconf 91' lang='lat' dir='ltr'>nec</span> <span class='ocrx_word' id='word_1_156' title='bbox 1107 2243 1241 2298; x_wconf 83' lang='lat' dir='ltr'>cunctat·</span> 
     </span>
     <span class='ocr_line' id='line_1_20' title="bbox 138 2331 1241 2421; baseline 0.001 -25"><span class='ocrx_word' id='word_1_157' title='bbox 138 2333 262 2396; x_wconf 91' lang='lat' dir='ltr'>medios</span> <span class='ocrx_word' id='word_1_158' title='bbox 285 2332 427 2397; x_wconf 88' lang='lat' dir='ltr'>latrones</span> <span class='ocrx_word' id='word_1_159' title='bbox 449 2331 560 2398; x_wconf 92' lang='lat' dir='ltr'>involo</span> <span class='ocrx_word' id='word_1_160' title='bbox 584 2355 623 2397; x_wconf 87' lang='lat' dir='ltr'>ac</span> <span class='ocrx_word' id='word_1_161' title='bbox 636 2334 791 2418; x_wconf 87' lang='lat' dir='ltr'>singulos,</span> <span class='ocrx_word' id='word_1_162' title='bbox 809 2344 845 2398; x_wconf 94' lang='lat' dir='ltr'>ut</span> <span class='ocrx_word' id='word_1_163' title='bbox 867 2356 1027 2421; x_wconf 91' lang='lat' dir='ltr'>quemque</span> <span class='ocrx_word' id='word_1_164' title='bbox 1050 2334 1241 2400; x_wconf 74' lang='lat' dir='ltr'>colluctante</span> 
     </span>
     <span class='ocr_line' id='line_1_21' title="bbox 138 2433 1241 2524; baseline 0.001 -25"><span class='ocrx_word' id='word_1_165' title='bbox 138 2434 349 2516; x_wconf 85' lang='lat' dir='ltr'>offenderam,</span> <span class='ocrx_word' id='word_1_166' title='bbox 384 2433 541 2498; x_wconf 84' lang='lat' dir='ltr'>altissime</span> <span class='ocrx_word' id='word_1_167' title='bbox 577 2435 747 2518; x_wconf 85' lang='lat' dir='ltr'>demergo,</span> <span class='ocrx_word' id='word_1_168' title='bbox 780 2437 886 2518; x_wconf 76' lang='lat' dir='ltr'>quoad</span> <span class='ocrx_word' id='word_1_169' title='bbox 920 2435 1053 2500; x_wconf 88' lang='lat' dir='ltr'>tandem</span> <span class='ocrx_word' id='word_1_170' title='bbox 1079 2437 1241 2524; x_wconf 77' lang='lat' dir='ltr'>—spirit</span> 
     </span>
     <span class='ocr_line' id='line_1_22' title="bbox 138 2534 1241 2620; baseline 0.003 -21"><span class='ocrx_word' id='word_1_171' title='bbox 138 2535 333 2599; x_wconf 82' lang='lat' dir='ltr'>efflaverint.</span> <span class='ocrx_word' id='word_1_172' title='bbox 356 2573 396 2582; x_wconf 95' lang='lat'>·-</span> <span class='ocrx_word' id='word_1_173' title='bbox 427 2535 519 2601; x_wconf 82' lang='lat' dir='ltr'>Cum</span> <span class='ocrx_word' id='word_1_174' title='bbox 550 2534 763 2620; x_wconf 75' lang='lat' dir='ltr'>(„wahrend,</span> <span class='ocrx_word' id='word_1_175' title='bbox 797 2537 919 2619; x_wconf 89' lang='lat' dir='ltr'>wobei,</span> <span class='ocrx_word' id='word_1_176' title='bbox 957 2536 1009 2601; x_wconf 92' lang='lat' dir='ltr'>bei</span> <span class='ocrx_word' id='word_1_177' title='bbox 1040 2537 1180 2610; x_wconf 88' lang='lat' dir='ltr'>welcher</span> <span class='ocrx_word' id='word_1_178' title='bbox 1210 2538 1241 2602; x_wconf 65' lang='grc' dir='ltr'>(ἶ</span> 
     </span>
     <span class='ocr_line' id='line_1_23' title="bbox 137 2635 1241 2726; baseline 0.003 -26"><span class='ocrx_word' id='word_1_179' title='bbox 137 2635 337 2722; x_wconf 85' lang='lat' dir='ltr'>legenheit“)</span> <span class='ocrx_word' id='word_1_180' title='bbox 367 2637 506 2721; x_wconf 84' lang='lat' dir='ltr'>Capitol.</span> <span class='ocrx_word' id='word_1_181' title='bbox 536 2639 613 2702; x_wconf 89' lang='lat' dir='ltr'>Ant.</span> <span class='ocrx_word' id='word_1_182' title='bbox 642 2637 720 2726; x_wconf 85' lang='lat' dir='ltr'>Pius</span> <span class='ocrx_word' id='word_1_183' title='bbox 749 2639 768 2702; x_wconf 85' lang='lat'>6</span> <span class='ocrx_word' id='word_1_184' title='bbox 791 2660 873 2724; x_wconf 89' lang='lat' dir='ltr'>quae</span> <span class='ocrx_word' id='word_1_185' title='bbox 901 2639 1087 2725; x_wconf 80' lang='lat' dir='ltr'>(Faustina)</span> <span class='ocrx_word' id='word_1_186' title='bbox 1115 2662 1135 2703; x_wconf 89' lang='lat' dir='ltr'>a</span> <span class='ocrx_word' id='word_1_187' title='bbox 1162 2660 1241 2705; x_wconf 76' lang='lat' dir='ltr'>sena</span> 
     </span>
     <span class='ocr_line' id='line_1_24' title="bbox 129 2741 1241 2824; baseline 0.002 -22"><span class='ocrx_word' id='word_1_188' title='bbox 129 2746 326 2804; x_wconf 83' lang='lat' dir='ltr'>consecrata</span> <span class='ocrx_word' id='word_1_189' title='bbox 347 2748 397 2803; x_wconf 89' lang='lat' dir='ltr'>est</span> <span class='ocrx_word' id='word_1_190' title='bbox 422 2777 459 2785; x_wconf 96' lang='lat'><em>-</em></span> <span class='ocrx_word' id='word_1_191' title='bbox 482 2760 552 2803; x_wconf 82' lang='lat' dir='ltr'>cam</span> <span class='ocrx_word' id='word_1_192' title='bbox 580 2741 677 2804; x_wconf 86' lang='lat' dir='ltr'>etiam</span> <span class='ocrx_word' id='word_1_193' title='bbox 704 2741 775 2824; x_wconf 89' lang='lat' dir='ltr'>ipse</span> <span class='ocrx_word' id='word_1_194' title='bbox 804 2742 864 2804; x_wconf 92' lang='lat' dir='ltr'>hoc</span> <span class='ocrx_word' id='word_1_195' title='bbox 886 2743 1083 2806; x_wconf 87' lang='lat' dir='ltr'>concesserit</span> <span class='ocrx_word' id='word_1_196' title='bbox 1110 2750 1148 2804; x_wconf 91' lang='lat' dir='ltr'>ut</span> <span class='ocrx_word' id='word_1_197' title='bbox 1168 2743 1241 2817; x_wconf 50' lang='lat' dir='ltr'>imag·</span> 
     </span>
     <span class='ocr_line' id='line_1_25' title="bbox 138 2839 1241 2926; baseline 0.004 -24"><span class='ocrx_word' id='word_1_198' title='bbox 138 2841 208 2903; x_wconf 91' lang='lat' dir='ltr'>eius</span> <span class='ocrx_word' id='word_1_199' title='bbox 232 2839 357 2904; x_wconf 91' lang='lat' dir='ltr'>cunctis</span> <span class='ocrx_word' id='word_1_200' title='bbox 381 2841 581 2905; x_wconf 88' lang='lat' dir='ltr'>circensibus</span> <span class='ocrx_word' id='word_1_201' title='bbox 604 2850 790 2926; x_wconf 88' lang='lat' dir='ltr'>poneretur.</span> <span class='ocrx_word' id='word_1_202' title='bbox 814 2841 865 2905; x_wconf 88' lang='lat' dir='ltr'>Id.</span> <span class='ocrx_word' id='word_1_203' title='bbox 889 2842 964 2905; x_wconf 86' lang='lat' dir='ltr'>Ant.</span> <span class='ocrx_word' id='word_1_204' title='bbox 987 2840 1069 2905; x_wconf 91' lang='lat' dir='ltr'>Phil.</span> <span class='ocrx_word' id='word_1_205' title='bbox 1094 2842 1135 2906; x_wconf 88' lang='grc'>29</span> <span class='ocrx_word' id='word_1_206' title='bbox 1156 2843 1241 2906; x_wconf 71' lang='lat' dir='ltr'>iura*</span> 
     </span>
     <span class='ocr_line' id='line_1_26' title="bbox 138 2940 1241 3023; baseline 0.002 -19"><span class='ocrx_word' id='word_1_207' title='bbox 138 2940 262 3007; x_wconf 92' lang='lat' dir='ltr'>nullum</span> <span class='ocrx_word' id='word_1_208' title='bbox 297 2951 480 3006; x_wconf 89' lang='lat' dir='ltr'>senatorem</span> <span class='ocrx_word' id='word_1_209' title='bbox 512 2963 546 3005; x_wconf 87' lang='lat' dir='ltr'>se</span> <span class='ocrx_word' id='word_1_210' title='bbox 577 2944 699 3006; x_wconf 90' lang='lat' dir='ltr'>sciente</span> <span class='ocrx_word' id='word_1_211' title='bbox 732 2944 883 3023; x_wconf 92' lang='lat' dir='ltr'>occisum,</span> <span class='ocrx_word' id='word_1_212' title='bbox 913 2965 982 3007; x_wconf 83' lang='lat' dir='ltr'>cum</span> <span class='ocrx_word' id='word_1_213' title='bbox 1011 2944 1107 3007; x_wconf 86' lang='lat' dir='ltr'>etiam</span> <span class='ocrx_word' id='word_1_214' title='bbox 1139 2940 1241 3008; x_wconf 90' lang='lat' dir='ltr'>rebell</span> 
     </span>
     <span class='ocr_line' id='line_1_27' title="bbox 138 3043 1241 3130; baseline 0.002 -24"><span class='ocrx_word' id='word_1_215' title='bbox 138 3043 260 3107; x_wconf 86' lang='lat' dir='ltr'>dixerit</span> <span class='ocrx_word' id='word_1_216' title='bbox 281 3065 316 3107; x_wconf 91' lang='lat' dir='ltr'>se</span> <span class='ocrx_word' id='word_1_217' title='bbox 339 3052 542 3107; x_wconf 86' lang='lat' dir='ltr'>servaturum</span> <span class='ocrx_word' id='word_1_218' title='bbox 564 3043 677 3122; x_wconf 83' lang='lat' dir='ltr'>fuisse,</span> <span class='ocrx_word' id='word_1_219' title='bbox 700 3045 728 3107; x_wconf 88' lang='lat' dir='ltr'>si</span> <span class='ocrx_word' id='word_1_220' title='bbox 751 3044 874 3108; x_wconf 90' lang='lat' dir='ltr'>scisset.</span> <span class='ocrx_word' id='word_1_221' title='bbox 907 3045 997 3109; x_wconf 86' lang='lat' dir='ltr'>Aber</span> <span class='ocrx_word' id='word_1_222' title='bbox 1020 3045 1073 3108; x_wconf 93' lang='lat' dir='ltr'>die</span> <span class='ocrx_word' id='word_1_223' title='bbox 1095 3044 1241 3130; x_wconf 69' lang='lat' dir='ltr'>Reprase</span> 
     </span>
     <span class='ocr_line' id='line_1_28' title="bbox 138 3142 1241 3229; baseline 0.001 -23"><span class='ocrx_word' id='word_1_224' title='bbox 138 3145 240 3208; x_wconf 89' lang='lat' dir='ltr'>tation</span> <span class='ocrx_word' id='word_1_225' title='bbox 262 3145 296 3207; x_wconf 93' lang='lat' dir='ltr'>in</span> <span class='ocrx_word' id='word_1_226' title='bbox 319 3145 494 3209; x_wconf 89' lang='lat' dir='ltr'>indirecter</span> <span class='ocrx_word' id='word_1_227' title='bbox 515 3144 607 3208; x_wconf 86' lang='lat' dir='ltr'>Rede</span> <span class='ocrx_word' id='word_1_228' title='bbox 628 3142 707 3229; x_wconf 89' lang='lat' dir='ltr'>liegt</span> <span class='ocrx_word' id='word_1_229' title='bbox 729 3168 770 3208; x_wconf 83' lang='lat' dir='ltr'>zu</span> <span class='ocrx_word' id='word_1_230' title='bbox 793 3144 929 3209; x_wconf 79' lang='lat' dir='ltr'>Grunde</span> <span class='ocrx_word' id='word_1_231' title='bbox 950 3145 1004 3210; x_wconf 91' lang='lat' dir='ltr'>bei</span> <span class='ocrx_word' id='word_1_232' title='bbox 1027 3146 1106 3213; x_wconf 86' lang='lat' dir='ltr'>Tac.</span> <span class='ocrx_word' id='word_1_233' title='bbox 1129 3167 1202 3209; x_wconf 86' lang='lat' dir='ltr'>ann.</span> <span class='ocrx_word' id='word_1_234' title='bbox 1225 3145 1241 3207; x_wconf 90' lang='grc'>1</span> 
     </span>
     <span class='ocr_line' id='line_1_29' title="bbox 138 3245 1241 3331; baseline 0 -23"><span class='ocrx_word' id='word_1_235' title='bbox 138 3246 180 3309; x_wconf 88' lang='grc'>64</span> <span class='ocrx_word' id='word_1_236' title='bbox 202 3268 265 3309; x_wconf 92' lang='lat' dir='ltr'>non</span> <span class='ocrx_word' id='word_1_237' title='bbox 290 3245 424 3310; x_wconf 86' lang='lat' dir='ltr'>defuere</span> <span class='ocrx_word' id='word_1_238' title='bbox 447 3245 501 3331; x_wconf 91' lang='lat' dir='ltr'>qui</span> <span class='ocrx_word' id='word_1_239' title='bbox 524 3246 703 3324; x_wconf 86' lang='lat' dir='ltr'>crederent,</span> <span class='ocrx_word' id='word_1_240' title='bbox 728 3246 832 3310; x_wconf 91' lang='lat' dir='ltr'>donec</span> <span class='ocrx_word' id='word_1_241' title='bbox 853 3245 1093 3330; x_wconf 89' lang='lat' dir='ltr'>implacabilem</span> <span class='ocrx_word' id='word_1_242' title='bbox 1116 3247 1241 3310; x_wconf 75' lang='lat' dir='ltr'>Nerone</span> 
     </span>
     <span class='ocr_line' id='line_1_30' title="bbox 136 3347 1232 3433; baseline 0.002 -24"><span class='ocrx_word' id='word_1_243' title='bbox 136 3348 292 3429; x_wconf 91' lang='lat' dir='ltr'>timuerit,</span> <span class='ocrx_word' id='word_1_244' title='bbox 314 3347 435 3410; x_wconf 88' lang='lat' dir='ltr'>famam</span> <span class='ocrx_word' id='word_1_245' title='bbox 457 3348 599 3411; x_wconf 83' lang='lat' dir='ltr'>sociatae</span> <span class='ocrx_word' id='word_1_246' title='bbox 620 3368 694 3410; x_wconf 92' lang='lat' dir='ltr'>cum</span> <span class='ocrx_word' id='word_1_247' title='bbox 717 3347 832 3411; x_wconf 90' lang='lat' dir='ltr'>marito</span> <span class='ocrx_word' id='word_1_248' title='bbox 855 3348 969 3413; x_wconf 89' lang='lat' dir='ltr'>mortis</span> <span class='ocrx_word' id='word_1_249' title='bbox 991 3347 1160 3433; x_wconf 83' lang='lat' dir='ltr'>petivisse.</span> <span class='ocrx_word' id='word_1_250' title='bbox 1183 3347 1232 3411; x_wconf 84' lang='lat' dir='ltr'>Eb</span> 
     </span>
     <span class='ocr_line' id='line_1_31' title="bbox 139 3446 1241 3535; baseline 0.003 -26"><span class='ocrx_word' id='word_1_251' title='bbox 139 3468 174 3509; x_wconf 92' lang='lat' dir='ltr'>so</span> <span class='ocrx_word' id='word_1_252' title='bbox 198 3446 283 3512; x_wconf 86' lang='lat' dir='ltr'>Flor.</span> <span class='ocrx_word' id='word_1_253' title='bbox 315 3447 345 3527; x_wconf 92' lang='grc'>2,</span> <span class='ocrx_word' id='word_1_254' title='bbox 368 3448 398 3529; x_wconf 94' lang='grc'>2,</span> <span class='ocrx_word' id='word_1_255' title='bbox 422 3448 442 3511; x_wconf 89' lang='grc'><strong>6</strong></span> <span class='ocrx_word' id='word_1_256' title='bbox 464 3458 500 3512; x_wconf 93' lang='lat' dir='ltr'>ut</span> <span class='ocrx_word' id='word_1_257' title='bbox 526 3446 580 3511; x_wconf 94' lang='lat' dir='ltr'>ille</span> <span class='ocrx_word' id='word_1_258' title='bbox 602 3451 672 3534; x_wconf 91' lang='lat' dir='ltr'>ipse</span> <span class='ocrx_word' id='word_1_259' title='bbox 694 3449 785 3533; x_wconf 88' lang='lat' dir='ltr'>prius</span> <span class='ocrx_word' id='word_1_260' title='bbox 814 3471 849 3512; x_wconf 92' lang='lat' dir='ltr'>se</span> <span class='ocrx_word' id='word_1_261' title='bbox 876 3450 999 3512; x_wconf 92' lang='lat' dir='ltr'>victum</span> <span class='ocrx_word' id='word_1_262' title='bbox 1027 3470 1126 3535; x_wconf 87' lang='lat' dir='ltr'>quam</span> <span class='ocrx_word' id='word_1_263' title='bbox 1145 3448 1241 3514; x_wconf 77' lang='lat' dir='ltr'>‘hoste</span> 
     </span>
     <span class='ocr_line' id='line_1_32' title="bbox 138 3547 462 3631; baseline -0.003 -19"><span class='ocrx_word' id='word_1_264' title='bbox 138 3547 270 3631; x_wconf 88' lang='lat' dir='ltr'>viderit,</span> <span class='ocrx_word' id='word_1_265' title='bbox 294 3549 462 3613; x_wconf 83' lang='lat' dir='ltr'>fateretur.</span> 
     </span>
    </p>

    <p class='ocr_par' dir='ltr' id='par_1_8' title="bbox 140 3648 1241 3736">
     <span class='ocr_line' id='line_1_33' title="bbox 140 3648 1241 3736; baseline 0.001 -23"><span class='ocrx_word' id='word_1_266' title='bbox 140 3654 152 3667; x_wconf 87' lang='lat'><strong><em>‘</em></strong></span> <span class='ocrx_word' id='word_1_267' title='bbox 222 3651 253 3713; x_wconf 80' lang='lat'>5.</span> <span class='ocrx_word' id='word_1_268' title='bbox 298 3648 534 3714; x_wconf 82' lang='lat' dir='ltr'>Modalsatz.</span> <span class='ocrx_word' id='word_1_269' title='bbox 558 3652 709 3714; x_wconf 90' lang='lat' dir='ltr'>Ammian</span> <span class='ocrx_word' id='word_1_270' title='bbox 735 3651 784 3733; x_wconf 86' lang='grc'>19,</span> <span class='ocrx_word' id='word_1_271' title='bbox 810 3652 860 3732; x_wconf 91' lang='grc'>12,</span> <span class='ocrx_word' id='word_1_272' title='bbox 887 3652 925 3715; x_wconf 80' lang='lat'>15</span> <span class='ocrx_word' id='word_1_273' title='bbox 947 3659 979 3714; x_wconf 90' lang='lat' dir='ltr'>et</span> <span class='ocrx_word' id='word_1_274' title='bbox 1001 3658 1133 3736; x_wconf 85' lang='lat' dir='ltr'>prorsus</span> <span class='ocrx_word' id='word_1_275' title='bbox 1156 3653 1241 3716; x_wconf 87' lang='lat' dir='ltr'>itar</span> 
     </span>
    </p>

    <p class='ocr_par' dir='ltr' id='par_1_9' title="bbox 136 3750 1241 3837">
     <span class='ocr_line' id='line_1_34' title="bbox 136 3750 1241 3837; baseline 0.001 -22"><span class='ocrx_word' id='word_1_276' title='bbox 136 3751 297 3835; x_wconf 85' lang='lat' dir='ltr'>agebatur</span> <span class='ocrx_word' id='word_1_277' title='bbox 318 3755 410 3831; x_wconf 75' lang='lat' dir='ltr'>quusi</span> <span class='ocrx_word' id='word_1_278' title='bbox 431 3791 473 3800; x_wconf 92' lang='lat'>-</span> <span class='ocrx_word' id='word_1_279' title='bbox 496 3753 594 3816; x_wconf 86' lang='lat' dir='ltr'>effata</span> <span class='ocrx_word' id='word_1_280' title='bbox 615 3750 816 3837; x_wconf 87' lang='lat' dir='ltr'>Delphorum</span> <span class='ocrx_word' id='word_1_281' title='bbox 839 3750 915 3817; x_wconf 91' lang='lat' dir='ltr'>olim</span> <span class='ocrx_word' id='word_1_282' title='bbox 938 3750 1107 3816; x_wconf 88' lang='lat' dir='ltr'>sollemnia</span> <span class='ocrx_word' id='word_1_283' title='bbox 1129 3755 1162 3816; x_wconf 92' lang='lat' dir='ltr'>in</span> <span class='ocrx_word' id='word_1_284' title='bbox 1177 3754 1241 3837; x_wconf 86' lang='lat' dir='ltr'>imp</span> 
     </span>
    </p>

    <p class='ocr_par' dir='ltr' id='par_1_10' title="bbox 137 3851 1241 3921">
     <span class='ocr_line' id='line_1_35' title="bbox 137 3851 1241 3921; baseline 0 -4"><span class='ocrx_word' id='word_1_285' title='bbox 137 3854 255 3917; x_wconf 86' lang='lat' dir='ltr'>ratoris</span> <span class='ocrx_word' id='word_1_286' title='bbox 278 3853 414 3916; x_wconf 82' lang='lat' dir='ltr'>exitium</span> <span class='ocrx_word' id='word_1_287' title='bbox 438 3851 686 3917; x_wconf 87' lang='lat' dir='ltr'>sollicitaverint</span> <span class='ocrx_word' id='word_1_288' title='bbox 708 3852 812 3921; x_wconf 90' lang='lat' dir='ltr'>multi.</span> <span class='ocrx_word' id='word_1_289' title='bbox 856 3853 951 3916; x_wconf 90' lang='lat' dir='ltr'>Auch</span> <span class='ocrx_word' id='word_1_290' title='bbox 980 3854 1052 3916; x_wconf 90' lang='lat' dir='ltr'>hier</span> <span class='ocrx_word' id='word_1_291' title='bbox 1078 3853 1161 3918; x_wconf 87' lang='lat' dir='ltr'>w&#39;ird</span> <span class='ocrx_word' id='word_1_292' title='bbox 1191 3876 1241 3917; x_wconf 84' lang='lat' dir='ltr'>wo</span> 
     </span>
    </p>

    <p class='ocr_par' dir='ltr' id='par_1_11' title="bbox 61 3952 1241 4141">
     <span class='ocr_line' id='line_1_36' title="bbox 137 3952 1241 4036; baseline -0.001 -19"><span class='ocrx_word' id='word_1_293' title='bbox 137 3954 172 4017; x_wconf 91' lang='lat' dir='ltr'>in</span> <span class='ocrx_word' id='word_1_294' title='bbox 200 3955 352 4036; x_wconf 69' lang='lat' dir='ltr'>repedatur</span> <span class='ocrx_word' id='word_1_295' title='bbox 380 3956 438 4017; x_wconf 88' lang='lat' dir='ltr'>das</span> <span class='ocrx_word' id='word_1_296' title='bbox 472 3954 569 4018; x_wconf 91' lang='lat' dir='ltr'>Verb.</span> <span class='ocrx_word' id='word_1_297' title='bbox 598 3953 729 4018; x_wconf 91' lang='lat' dir='ltr'>dicendi</span> <span class='ocrx_word' id='word_1_298' title='bbox 757 3978 797 4017; x_wconf 82' lang='lat' dir='ltr'>zu</span> <span class='ocrx_word' id='word_1_299' title='bbox 826 3954 991 4018; x_wconf 87' lang='lat' dir='ltr'>erkennen</span> <span class='ocrx_word' id='word_1_300' title='bbox 1020 3953 1106 4031; x_wconf 88' lang='lat' dir='ltr'>sein,</span> <span class='ocrx_word' id='word_1_301' title='bbox 1139 3952 1241 4019; x_wconf 85' lang='lat' dir='ltr'>welch</span> 
     </span>
     <span class='ocr_line' id='line_1_37' title="bbox 61 4055 921 4141; baseline 0.001 -22"><span class='ocrx_word' id='word_1_302' title='bbox 61 4080 65 4087; x_wconf 82' lang='grc'><strong>’</strong></span> <span class='ocrx_word' id='word_1_303' title='bbox 138 4055 225 4121; x_wconf 89' lang='lat' dir='ltr'>daun</span> <span class='ocrx_word' id='word_1_304' title='bbox 248 4055 301 4119; x_wconf 91' lang='lat' dir='ltr'>die</span> <span class='ocrx_word' id='word_1_305' title='bbox 323 4055 596 4141; x_wconf 74' lang='lat' dir='ltr'>Reprasentation</span> <span class='ocrx_word' id='word_1_306' title='bbox 618 4056 661 4119; x_wconf 93' lang='lat' dir='ltr'>im</span> <span class='ocrx_word' id='word_1_307' title='bbox 686 4055 825 4139; x_wconf 82' lang='lat' dir='ltr'>Gefolge</span> <span class='ocrx_word' id='word_1_308' title='bbox 847 4056 921 4137; x_wconf 68' lang='lat' dir='ltr'>bat.¹</span> 
     </span>
    </p>

    <p class='ocr_par' dir='ltr' id='par_1_12' title="bbox 69 4154 1241 4546">
     <span class='ocr_line' id='line_1_38' title="bbox 222 4154 1241 4235; baseline -0.003 -14"><span class='ocrx_word' id='word_1_309' title='bbox 222 4157 253 4220; x_wconf 89' lang='grc'>6.</span> <span class='ocrx_word' id='word_1_310' title='bbox 298 4154 575 4221; x_wconf 75' lang='lat' dir='ltr'>Causalsatze.</span> <span class='ocrx_word' id='word_1_311' title='bbox 619 4155 693 4219; x_wconf 91' lang='lat' dir='ltr'>Val.</span> <span class='ocrx_word' id='word_1_312' title='bbox 722 4155 811 4219; x_wconf 84' lang='lat' dir='ltr'>Max.</span> <span class='ocrx_word' id='word_1_313' title='bbox 836 4157 864 4235; x_wconf 81' lang='grc'>7,</span> <span class='ocrx_word' id='word_1_314' title='bbox 893 4156 912 4219; x_wconf 88' lang='lat'>6</span> <span class='ocrx_word' id='word_1_315' title='bbox 940 4164 1006 4220; x_wconf 84' lang='lat' dir='ltr'>ext.</span> <span class='ocrx_word' id='word_1_316' title='bbox 1034 4157 1054 4220; x_wconf 89' lang='lat'>3</span> <span class='ocrx_word' id='word_1_317' title='bbox 1087 4177 1159 4221; x_wconf 82' lang='lat' dir='ltr'>cum</span> <span class='ocrx_word' id='word_1_318' title='bbox 1184 4175 1241 4219; x_wconf 89' lang='lat' dir='ltr'>om·</span> 
     </span>
     <span class='ocr_line' id='line_1_39' title="bbox 139 4256 1241 4343; baseline -0.001 -22"><span class='ocrx_word' id='word_1_319' title='bbox 139 4266 327 4343; x_wconf 89' lang='lat' dir='ltr'>serpentum</span> <span class='ocrx_word' id='word_1_320' title='bbox 350 4280 388 4322; x_wconf 91' lang='lat' dir='ltr'>ac</span> <span class='ocrx_word' id='word_1_321' title='bbox 410 4257 550 4321; x_wconf 84' lang='lat' dir='ltr'>ferarum</span> <span class='ocrx_word' id='word_1_322' title='bbox 573 4278 676 4341; x_wconf 87' lang='lat' dir='ltr'>genus</span> <span class='ocrx_word' id='word_1_323' title='bbox 692 4261 931 4342; x_wconf 87' lang='lat' dir='ltr'>comparatione</span> <span class='ocrx_word' id='word_1_324' title='bbox 954 4258 1005 4322; x_wconf 92' lang='lat' dir='ltr'>sui</span> <span class='ocrx_word' id='word_1_325' title='bbox 1027 4256 1122 4322; x_wconf 88' lang='lat' dir='ltr'>titulo</span> <span class='ocrx_word' id='word_1_326' title='bbox 1137 4257 1241 4321; x_wconf 82' lang='lat' dir='ltr'>feritat</span> 
     </span>
     <span class='ocr_line' id='line_1_40' title="bbox 69 4354 1241 4444; baseline -0.001 -22"><span class='ocrx_word' id='word_1_327' title='bbox 69 4396 73 4401; x_wconf 93' lang='lat'>-</span> <span class='ocrx_word' id='word_1_328' title='bbox 139 4360 309 4443; x_wconf 87' lang='lat' dir='ltr'>superarit.</span> <span class='ocrx_word' id='word_1_329' title='bbox 338 4359 423 4424; x_wconf 91' lang='lat' dir='ltr'>Just.</span> <span class='ocrx_word' id='word_1_330' title='bbox 437 4359 478 4440; x_wconf 63' lang='lat'>³6,</span> <span class='ocrx_word' id='word_1_331' title='bbox 501 4359 522 4421; x_wconf 94' lang='grc'>2</span> <span class='ocrx_word' id='word_1_332' title='bbox 544 4358 662 4444; x_wconf 88' lang='lat' dir='ltr'>quibus</span> <span class='ocrx_word' id='word_1_333' title='bbox 685 4359 869 4443; x_wconf 75' lang='lat' dir='ltr'>comparia</span> <span class='ocrx_word' id='word_1_334' title='bbox 897 4361 1006 4424; x_wconf 93' lang='lat' dir='ltr'>omnia</span> <span class='ocrx_word' id='word_1_335' title='bbox 1027 4357 1160 4423; x_wconf 85' lang='lat' dir='ltr'>fortuna</span> <span class='ocrx_word' id='word_1_336' title='bbox 1180 4354 1241 4421; x_wconf 89' lang='lat' dir='ltr'>ded</span> 
     </span>
     <span class='ocr_line' id='line_1_41' title="bbox 139 4459 1241 4546; baseline -0.002 -23"><span class='ocrx_word' id='word_1_337' title='bbox 139 4461 199 4542; x_wconf 90' lang='lat' dir='ltr'>rit,</span> <span class='ocrx_word' id='word_1_338' title='bbox 232 4460 392 4525; x_wconf 91' lang='lat' dir='ltr'>invictum</span> <span class='ocrx_word' id='word_1_339' title='bbox 429 4471 537 4526; x_wconf 85' lang='lat' dir='ltr'>tamen</span> <span class='ocrx_word' id='word_1_340' title='bbox 564 4459 607 4524; x_wconf 90' lang='lat' dir='ltr'>ab</span> <span class='ocrx_word' id='word_1_341' title='bbox 640 4459 741 4524; x_wconf 88' lang='lat' dir='ltr'>altero</span> <span class='ocrx_word' id='word_1_342' title='bbox 775 4469 948 4546; x_wconf 89' lang='lat' dir='ltr'>utrumque</span> <span class='ocrx_word' id='word_1_343' title='bbox 980 4460 1134 4526; x_wconf 77' lang='lat' dir='ltr'>servavit.</span> <span class='ocrx_word' id='word_1_344' title='bbox 1171 4460 1241 4544; x_wconf 83' lang='lat' dir='ltr'>Spa·</span> 
     </span>
    </p>
   </div>
   <div class='ocr_carea' id='block_1_5' title="bbox 0 0 1430 5002">
    <p class='ocr_par' dir='ltr' id='par_1_13' title="bbox 0 0 1430 5002">
     <span class='ocr_line' id='line_1_42' title="bbox 0 0 1430 5002; baseline 0 0"><span class='ocrx_word' id='word_1_345' title='bbox 0 0 1430 5002; x_wconf 95' lang='lat' dir='ltr'> </span> 
     </span>
    </p>
   </div>
  </div>
 </body>
</html>
