2850 5002
589 301 818 364 -586-

135 452 386 530 Entnehmen
425 454 536 517 einer
573 455 725 517 Summe
763 452 914 516 Geldcs
953 475 1023 518 aus
1060 455 1141 517 dem
1173 453 1247 518 Ver·

134 563 276 641 mitgen
305 554 424 619 durch:
455 554 494 618 de
522 577 606 638 meo,
637 565 705 636 tuo,
734 576 809 636 suo,
839 563 961 635 vestro,
991 553 1130 641 publico,
1157 555 1248 622 alieno.

135 656 202 720 016.
219 655 314 720 Verr.
338 657 369 739 3,
386 658 428 721 44
451 678 515 720 666
538 655 634 720 modo
658 656 691 718 in
714 654 857 742 publico,
881 656 940 720 sed
963 656 1061 720 etiam
1084 654 1125 720 16
1145 681 1173 744 p.
1193 680 1248 723 con-

134 758 253 821 vivari.
287 757 362 822 Liv.
388 759 415 836 1,
444 757 486 820 20
512 756 702 821 Vestalibus
731 754 930 843 stipendium
962 757 1003 821 de
1032 781 1064 843 p.
1094 759 1207 822 statuit.
1228 761 1250 840 2,

137 860 176 923 16
201 857 242 922 16
264 883 293 946 p.
318 867 368 923 est
391 857 492 923 elatus
523 858 596 943 (auf
617 857 847 923 Staatslrosten
877 857 1071 944 begraben).
1106 861 1137 942 4,
1158 861 1195 925 59
1213 861 1252 925 sti·

135 959 291 1048 pendium
325 960 365 1025 de
393 983 424 1046 p.
456 961 611 1047 accipere.
649 959 701 1039 22,
731 959 774 1024 60
801 962 950 1046 captivos
980 959 1021 1024 de
1049 983 1082 1046 p.
1111 959 1251 1025 redimere.

138 1062 191 1141 10,
223 1061 265 1126 46
295 1060 336 1125 16
363 1061 487 1147 reliquo
516 1066 606 1143 aer'e,
641 1059 683 1125 de
718 1060 893 1126 manubiis.
935 1062 1041 1147 Capit.
1072 1062 1253 1128 (1611416

136 1184 277 1251 proprro.
904 1232 909 1241 ,

219 1266 250 1329 4.
280 1264 394 1329 Durch
422 1267 458 1330 (16
484 1267 543 1329 mit
571 1264 676 1329 einem
703 1266 829 1329 Nomen
862 1265 945 1330 wird
982 1266 1040 1330 der
1069 1265 1253 1351 (legenstand

137 1368 216 1432 oder
250 1364 308 1431 der
335 1366 420 1431 stoff
450 1365 654 1446 bezeichnet,
695 1390 762 1431 aus
797 1366 986 1431 welchem
1021 1369 1086 1432 ein
1117 1367 1253 1432 andercr

137 1469 262 1534 durch
297 1467 584 1553 Veranderung
622 1467 817 1549 entsteht,
859 1469 1059 1534 namentlich
1095 1469 1147 1534 bei
1176 1471 1253 1551 forero

135 1568 203 1634 und
238 1570 319 1652 fieri.
364 1569 438 1633 Ter.
471 1569 536 1632 Ad.
569 1570 606 1649 5,
640 1570 675 1652 9,
709 1569 751 1633 39
791 1568 848 1632 661
883 1570 924 1634 16
957 1570 1060 1634 fratre
1093 1571 1168 1658 quid
1197 1570 1251 1634 11611

137 1670 364 1735 Zweifelhafte
394 1669 625 1734 Construction
661 1671 715 1735 bei
748 1670 817 1736 Cio.
848 1694 880 1756 p.
912 1670 1045 1752 Quinct.
1084 1673 1137 1755 17,
1167 1673 1203 1737 55
1224 1672 1251 1735 16

137 1794 247 1836 scurra
272 1770 452 1855 (entwcder
479 1795 554 1836 vom
577 1771 876 1858 Voraufgehenden
906 1772 986 1838 oder
1009 1795 1085 1840 vom
1108 1774 1251 1860 folgenden

135 1876 207 1957 deri
229 1872 422 1959 abhtngig).
458 1872 542 1937 Phil.
570 1874 602 1953 5,
632 1876 650 1937 7
678 1872 718 1938 16
744 1873 866 1962 templo
890 1894 1054 1940 carcerem
1078 1876 1155 1940 fieri.
1184 1876 1250 1940 11611.

136 1977 177 2041 68
201 1976 241 2040 de
265 1975 395 2039 Staieno
419 1973 548 2039 Aelium
572 1974 702 2040 fecerat.
737 1974 814 2041 fam.
842 1976 872 2057 9,
906 1976 956 2058 17,
982 1979 997 2041 1
1023 1978 1103 2063 quid
1126 1977 1164 2042 de
1182 1977 1251 2042 nobis

139 2078 283 2141 futurum
308 2078 374 2169 sit.⁸
392 2076 468 2139 Liv.
496 2078 528 2159 5,
550 2077 592 2142 20
621 2076 700 2162 quid
728 2077 769 2142 de
801 2077 925 2165 praeda
952 2077 1162 2145 faciendum?
1182 2081 1207 2160 8,
1223 2077 1252 2140 20

136 2179 215 2266 quid
250 2178 355 2266 placet
385 2177 426 2242 de
455 2179 589 2244 innoxia
624 2178 832 2243 multitudine
866 2178 962 2243 fieri?
1000 2179 1121 2246 Petron
1150 2180 1251 2246 10516

135 2303 219 2347 6616
252 2301 414 2345 carcerem
448 2279 567 2345 facere.
610 2278 708 2367 Apul.
742 2289 818 2344 met.
854 2283 889 2362 1,
929 2283 968 2345 12
1003 2282 1044 2346 de
1078 2284 1253 2347 Aristomene

137 2382 267 2448 testudo
301 2382 418 2445 factus
461 2385 490 2465 1,
521 2382 561 2447 14
589 2382 668 2469 quid
702 2381 743 2446 16
775 2405 828 2447 616
860 2381 942 2447 fiet?
985 2383 1073 2448 Just.
1095 2386 1126 2466 3,
1154 2383 1255 2447 21611

137 2487 238 2569 igitur
261 2485 301 2549 dc
323 2504 388 2546 uno
411 2482 530 2572 populo
552 2484 617 2549 duo
640 2504 784 2570 corpora.
818 2484 868 2566 14,
889 2485 909 2548 6
930 2487 1009 2571 quid
1031 2487 1074 2550 de
1089 2483 1255 2573 Olympiade

138 2586 208 2650 fieri
232 2584 344 2649 velint.
381 2585 468 2651 Flor.
498 2586 529 2666 2,
559 2587 590 2666 6,
621 2586 660 2650 18
688 2607 770 2671 pons
798 2585 838 2650 (16
861 2585 1080 2652 cadaveribus
1103 2586 1210 2654 factus.
1233 2589 1255 2667 ξ.

138 2687 179 2750 32
213 2685 355 2750 mediam
390 2685 431 2749 de
465 2686 560 2751 italia
593 2686 742 2750 Africam
776 2687 904 2752 faceret.
947 2687 1088 2753 Trebell.
1124 2688 1203 2755 Gall.
1230 2686 1257 2750 16

138 2787 288 2853 cubicula
311 2786 352 2850 de
374 2790 460 2851 rosis
484 2789 573 2852 fecit.
604 2789 656 2852 De
678 2789 782 2875 pomis
806 2788 941 2854 castella
964 2792 1154 2877 composuit.
1195 2789 1258 2874 Vop.

140 2891 219 2953 Aur.
243 2889 285 2953 49
308 2889 497 2954 convivium
521 2888 561 2953 de
589 2889 746 2954 assaturis
779 2889 852 2955 fuit.
887 2892 979 2957 Lact.
1007 2896 1035 2975 1,
1062 2893 1112 2975 15,
1137 2894 1174 2957 13
1194 2877 1285 2957 116111Ι

140 2990 181 3053 16
204 2990 288 3055 Jove
310 2990 467 3055 fecerunt.
504 2991 535 3072 2,
560 2992 591 3072 3,
614 2992 634 3055 3
658 2992 738 3077 quid
761 2991 801 3054 16
824 3015 861 3057 66
884 2992 1013 3058 facies?
1047 2993 1079 3075 2,
1103 2997 1133 3074 4,
1156 2994 1194 3059 32
1212 3012 1261 3055 ma·

140 3095 264 3176 teriam,
296 3092 337 3156 de
366 3114 430 3178 qua
459 3103 534 3157 sunt
563 3091 726 3156 fabricati.
762 3095 795 3175 2,
829 3094 878 3177 10,
905 3096 926 3158 5
953 3095 1121 3160 hominem
1148 3096 1186 3160 16
1210 3093 1261 3158 1616

139 3196 272 3260 factum.
291 3233 327 3242 —
347 3194 458 3259 Ueber
479 3193 541 3257 den
564 3193 695 3258 blossen
715 3193 792 3258 Abl.
815 3195 882 3259 und
905 3196 968 3260 den
990 3195 1166 3284 (seltenen)
1181 3196 1263 3262 Dativ

141 3321 166 3360 6.
191 3296 222 3360 S.
247 3296 309 3360 519
332 3300 362 3378 ξ.
387 3296 460 3360 243.

225 3398 253 3461 5.
277 3397 318 3461 16
341 3397 602 3485 temporalem
626 3399 726 3463 Sinnc
749 3399 853 3464 hcisst
875 3401 928 3465 de:
955 3401 1170 3467 unmittelbar
1190 3424 1225 3465 na
1240 3399 1263 3461 11.

140 3500 246 3565 Ρ1661.
271 3500 369 3566 Most.
393 3501 455 3565 697
484 3523 549 3565 666
577 3500 699 3565 bonust
727 3524 859 3566 somnus
882 3503 922 3567 de
944 3504 1095 3589 prandio.
1139 3492 1177 3568 In
1199 3501 1265 3568 allen

142 3603 273 3666 Zeiten:
296 3604 334 3667 (16
347 3604 405 3681 (116,
429 3605 466 3666 (16
480 3607 574 3686 66616,
598 3603 678 3667 aber
693 3603 752 3667 mit
768 3602 826 3667 der
841 3604 1058 3671 modifieirten
1074 3606 1264 3688 Bedeutung:

141 3703 243 3768 sehon
265 3703 317 3767 bei
342 3703 444 3787 Tage,
468 3703 570 3770 sehon
592 3705 645 3769 bei
660 3704 768 3769 Nacht
786 3704 819 3768 d.
840 3705 872 3769 h.
896 3707 1015 3772 mitten
1037 3708 1072 3771 in
1096 3708 1154 3773 der
1168 3706 1265 3782 Nacht,

142 3806 240 3870 atich:
265 3804 376 3887 multa,
407 3805 517 3869 media
545 3805 585 3870 de
608 3815 713 3870 nocte.
750 3805 818 3872 016.
845 3807 928 3875 Phil.
956 3809 988 3892 2,
1018 3811 1060 3875 34
1088 3833 1153 3876 non
1180 3809 1266 3875 solum

142 3908 182 3970 do
206 3907 268 3989 die,
294 3907 351 3970 sed
376 3909 473 3970 etiam
496 3907 531 3970 in
554 3907 640 3971 diem
662 3910 785 3973 vivero.
821 3908 917 3974 Diem
940 3912 976 3975 (16
998 3913 1048 3977 (116
1071 3931 1158 3995 „von
1180 3913 1266 3976 61666

143 4010 214 4094 Tag
238 4032 311 4073 zum
336 4011 484 4073 andern“
513 4010 586 4073 Liv.
602 4012 634 4092 5,
650 4010 703 4074 48.
734 4010 786 4092 25,
802 4010 854 4075 25.
886 4011 973 4076 Just.
996 4013 1028 4095 2,
1053 4009 1266 4098 15.-11661.

77 4109 79 4114 ’
142 4120 218 4175 1661.
249 4112 278 4189 9,
312 4113 350 4177 15
381 4112 421 4175 16
452 4111 505 4175 116
535 4112 680 4198 quotidie
708 4112 832 4176 aderat.
869 4112 962 4178 Caes.
992 4114 1024 4180 b.
1054 4137 1086 4201 g.
1119 4117 1150 4197 1,
1180 4110 1267 4179 1216

143 4215 239 4278 tertia
268 4214 394 4300 vigilia.
432 4215 471 4277 21
503 4216 542 4278 de
571 4225 684 4300 quarta
712 4238 744 4278 v.
772 4214 846 4279 Liv.
875 4216 905 4299 9,
934 4217 1268 4282 4416616166-

144 4315 213 4380 Cic.
230 4315 270 4379 ad
288 4317 349 4398 Qu.
366 4319 407 4381 fr.
425 4318 455 4397 2,
475 4319 490 4381 1
515 4318 649 4402 naviges
672 4315 713 4380 (16
734 4340 844 4382 616666
859 4319 1046 4384 Decembri.
1084 4315 1267 4385 Auffallend:

144 4415 227 4481 Bell.
251 4418 345 4505 Hisp.
369 4420 410 4484 33
433 4420 472 4483 16
495 4428 639 4505 tempore
663 4420 793 4484 cenavit
815 4421 884 4506 (bei
908 4422 1048 4504 Zeiten).
