2850 5002
565 296 775 361 -59-

180 466 342 531 Sallust.
364 466 435 551 lug.
458 466 500 530 62
528 469 639 530 caveat
660 487 701 529 ne
723 466 777 529 illo
800 467 970 528 cunctante
992 464 1150 528 Numidae
1173 465 1233 529 sibi

35 567 272 641 musulant.
295 567 338 632 96
365 568 469 652 magis
496 565 530 629 id
559 566 704 630 laborare
731 567 837 631 utilit
859 564 989 649 (Sullae,
1018 565 1089 630 dem
1111 564 1233 649 Haupt

37 670 249 755 subjecte)
272 689 369 753 quam
391 667 520 753 plurimi
542 667 704 734 deberent.

45 818 48 823 .
176 768 271 834 Bell.
300 769 380 835 Afr.
410 769 452 834 19
479 768 677 833 adversarios
704 789 771 831 non
798 788 904 833 eorum
926 767 1043 832 virtute
1066 767 1233 850 confidere,

43 872 105 939 sed
174 906 208 917 -
231 868 394 954 despicere
416 891 450 935 se
473 868 603 955 („ihn“)
626 868 793 933 intellexit.

176 969 330 1057 Ziemlich
358 969 538 1035 zahlreiche
565 969 687 1035 Stellen
717 992 773 1034 aus
800 969 940 1034 Livius
967 969 1057 1054 giebt
1084 969 1234 1033 Kilhnast

48 1076 75 1140 S.
127 1072 214 1138 105
242 1071 290 1157 fg.
333 1069 495 1136 Darunter
524 1072 551 1154 1,
580 1071 634 1154 56,
665 1071 704 1135 10
737 1071 777 1134 ad
810 1092 903 1154 quem
932 1092 1040 1135 eorum
1071 1072 1134 1156 (wo
1162 1071 1233 1135 eine

49 1172 344 1258 enbsprechende
377 1172 615 1238 Reflexivform¹
635 1171 725 1237 nicht
759 1194 797 1234 zu
824 1171 932 1235 bilden
960 1172 1027 1255 ist).
1057 1211 1098 1220 —
1127 1171 1229 1237 Vell.

50 1276 80 1362 2,
115 1274 197 1359 15,
219 1275 239 1340 3
262 1294 344 1358 quae
370 1295 429 1359 per
456 1294 506 1340 cos
531 1274 565 1337 in
592 1273 624 1337 id
646 1274 751 1357 ipsum
773 1273 970 1355 pervenisset
991 1273 1167 1358 fastigium.
1194 1312 1231 1321 -

20 1408 23 1413 ·
52 1375 111 1441 Va.
127 1374 177 1440 l.
199 1374 296 1439 Max.
319 1375 351 1459 2,
375 1378 392 1440 7
416 1378 480 1439 ext.
503 1375 524 1438 2
545 1377 582 1438 ut
603 1377 658 1438 aut
681 1373 743 1437 vivi
764 1395 835 1437 cum
859 1374 954 1437 armis
975 1375 1231 1458 inconspectum

53 1496 201 1543 aarum
228 1476 285 1561 (=
307 1477 413 1562 suum)
435 1476 593 1540 venirent.
617 1477 651 1558 7,
680 1476 709 1558 6,
741 1475 756 1536 1
787 1475 991 1558 querentibus
1019 1475 1103 1558 quod
1129 1498 1230 1560 neque

59 1575 293 1657 stipendium·
320 1598 424 1660 neque
458 1576 653 1642 frumentum
687 1575 841 1641 elassibus
873 1598 980 1641 eorum
1010 1575 1064 1661 (=
1092 1578 1171 1663 suis)
1200 1582 1232 1641 et

60 1678 283 1742 exercitibus
305 1678 384 1743 socii
404 1678 604 1762 praeberent.
629 1680 657 1758 7,
681 1680 710 1760 7,
736 1678 749 1739 l
773 1677 957 1760 postulabat
978 1700 1019 1742 ne
1041 1679 1143 1742 avitos
1165 1681 1232 1744 eius

66 1777 180 1842 ures
200 1778 303 1843 otiosa
324 1779 386 1863 ipsi
408 1779 480 1843 urbi
502 1800 599 1845 onera
620 1778 830 1864 possiderent.

176 1878 260 1944 Tae.
289 1877 321 1942 h.
349 1880 381 1963 2,
409 1880 430 1944 9
451 1880 480 1943 is
505 1918 541 1927 —
565 1883 602 1945 ut
622 1901 693 1946 cum
714 1879 749 1943 in
772 1878 863 1944 Suria
886 1881 940 1941 aut
962 1879 1113 1962 Aegypto
1136 1880 1225 1943 siste·

10 2000 14 2075 ,
68 1976 168 2061 rent,
198 1979 321 2045 orabat.
347 1980 423 2065 t,9
451 1980 525 2045 dein
557 1972 640 2046 ¹iussi
669 2003 688 2045 a
716 1980 797 2044 Gaio
827 1979 961 2046 Caesare
990 1980 1130 2064 effigiem
1161 1983 1228 2046 cias

68 2076 101 2163 in
124 2079 266 2164 templo
287 2079 391 2146 locare
413 2103 503 2147 arma
523 2083 630 2166 potius
654 2103 824 2166 sumpsere.
849 2103 923 2144 ann.
946 2081 978 2164 4,
996 2081 1036 2144 67
1059 2084 1092 2145 at
1115 2081 1233 2146 Caesar

77 2212 107 2223 -
145 2202 348 2267 quamquam
376 2182 482 2248 edicto
511 2185 687 2249 monuisset
713 2205 754 2248 ne
781 2182 853 2266 quis
875 2181 1012 2265 quietem
1035 2185 1101 2248 eius
1122 2184 1232 2247 irrum-

80 2288 188 2359 peret.
216 2270 258 2332 -ss
286 2282 446 2350 Sueten.
470 2284 536 2351 Gal.
559 2286 601 2350 34
628 2285 760 2349 iactavit
786 2305 819 2347 se
841 2282 1020 2348 mehercule
1047 2285 1232 2349 effecturum

82 2398 113 2440 110
158 2384 236 2469 quid
272 2374 463 2469 respondere
494 2386 620 2470 possint
647 2387 774 2471 praeter
801 2407 879 2450 00111.
924 2383 1010 2449 Nero
1032 2385 1073 2449 32
1094 2386 1234 2451 instituit

83 2478 111 2540 ut
146 2505 171 2548 e
194 2487 380 2551 libertorum
415 2486 636 2552 defunctorum
670 2486 761 2550 bonis
801 2507 859 2569 pro
886 2485 1016 2551 semisse
1044 2485 1177 2553 dextans
1205 2492 1234 2554 ci
1381 2530 1385 2537 ·

86 2590 266 2663 cogeretur.
286 2624 324 2637 -
341 2585 437 2672 Nep.
460 2587 543 2653 Milt.
566 2589 597 2671 4,
612 2589 641 2654 5.
665 2587 851 2670 Dat.10,1.
875 2587 968 2651 Eum.
992 2587 1021 2670 9,
1036 2587 1066 2651 4.
1094 2627 1130 2636 -
1154 2589 1234 2654 Sehr
1313 2577 1318 2586 ¹

85 2678 278 2753 willkurlich
308 2688 360 2752 bei
386 2689 409 2753 J
415 2689 538 2753 ustin.
570 2690 618 2773 18,
647 2689 676 2772 4,
702 2690 740 2774 Ill
768 2688 863 2773 fingit
884 2709 915 2754 se
938 2688 977 2752 ad
1000 2710 1071 2752 eum
1094 2689 1232 2775 migrare
1301 2722 1306 2734 ·

86 2779 186 2870 selle,
211 2811 252 2854 ne
275 2789 412 2873 amplius
435 2793 464 2855 ei
485 2790 593 2859 mariti
621 2790 732 2854 domus
756 2789 888 2872 cupidae
910 2789 1078 2854 oblivionis
1100 2812 1231 2875 gravem

85 2876 192 2955 luctus
211 2890 392 2975 imaginem
413 2900 543 2957 renovet
570 2914 649 2959 neve
677 2891 761 2955 ultra
790 2912 900 2954 amara
928 2890 1102 2953 admonitio
1131 2892 1231 2954 oculis

84 2979 147 3047 tltS
176 2994 336 3057 occurrat.
360 2993 411 3076 30,
433 2996 464 3075 4,
490 2993 529 3057 18
551 2993 663 3058 offensi
685 2996 793 3056 tamen
816 2993 937 3076 Aetoli,
964 2992 1127 3076 quianon
1150 2994 1231 3058 arbi-

83 3078 138 3145 lflO
175 3114 281 3159 corum
311 3091 500 3157 Macedonia
526 3115 650 3177 quoque
678 3093 827 3177 adempta
854 3095 923 3179 regi
951 3097 983 3157 et
1011 3093 1086 3157 data
1114 3095 1176 3159 siti
1197 3095 1231 3159 in

81 3194 262 3259 amonium
290 3193 367 3258 belli
396 3197 489 3259 esset.
518 3232 560 3241 —
582 3194 696 3278 Apul.
720 3196 795 3258 met.
819 3195 848 3276 2,
874 3196 913 3259 18
936 3194 1118 3278 contendit,
1148 3196 1230 3279 apud

34 3334 38 3339 -
79 3297 149 3350 tam
186 3294 241 3379 (=
265 3295 313 3380 se)
341 3295 494 3359 coenulae
522 3296 720 3360 interessem.
751 3333 792 3342 -
820 3295 948 3379 Spart.
977 3295 1075 3361 Hadr.
1098 3297 1128 3361 4.
1151 3297 1231 3380 peti-

78 3378 193 3460 turUm
213 3398 250 3460 ut
272 3396 299 3459 si
321 3395 396 3479 quid
418 3399 447 3461 01
475 3395 533 3480 (=
556 3396 631 3479 sibi)
662 3397 820 3461 evenisset
842 3400 898 3461 ctt.
923 3396 993 3462 Sev.
1016 3399 1037 3462 5
1059 3400 1095 3461 ut
1115 3419 1173 3481 pro
1197 3421 1231 3462 se

76 3473 292 3571 tenerentur
314 3497 591 3582 transigerentque
612 3497 647 3561 in
661 3500 728 3563 eius
743 3497 798 3581 (=
815 3499 901 3581 suas)
917 3501 1034 3583 partes.
1059 3498 1229 3583 Capitol.

74 3573 187 3691 (iord.
209 3598 252 3663 30
272 3597 356 3681 quod
377 3598 544 3663 immemor
566 3599 791 3663 beneficiorum
819 3601 885 3663 eius
907 3599 968 3662 sibi
991 3600 1096 3664 minus
1117 3605 1229 3685 gratus

71 3694 244 3763 enslieret.
288 3696 373 3763 Max.
404 3702 436 3764 et
462 3699 555 3763 Balb.
588 3700 628 3763 12
662 3699 770 3764 dicens
799 3698 973 3764 Maximum
989 3702 1105 3766 minus
1135 3726 1230 3786 quam

69 3795 148 3890 &tm
179 3799 348 3864 laborasse.
375 3800 414 3869 14
435 3802 548 3884 petens
570 3803 657 3867 utet
678 3801 870 3884 praesidium
885 3802 1036 3867 mitteret.
1060 3803 1229 3871 Trebell.

67 3874 156 3968 tng·
200 3903 262 3985 tyr.
295 3900 338 3965 26
375 3900 490 3966 timore
526 3924 567 3967 ne
605 3902 639 3966 in
678 3923 727 3968 eos
767 3902 932 3966 Gallienus
972 3904 1115 3968 saeviret.
1172 3905 1232 3967 Mit

66 3982 196 4064 tutem
210 4000 341 4067 Grimde
356 4002 442 4068 steht
456 4006 524 4069 cius
552 4004 603 4068 bei
618 4003 753 4087 Capitol.
771 4005 848 4068 Ant.
865 4003 923 4067 Ph.
940 4004 981 4068 25
997 4005 1089 4086 petiit
1104 4026 1144 4068 ne
1159 4006 1230 4087 quis

65 4094 216 4187 enam,
228 4105 376 4187 tempore
390 4105 590 4189 principatus
610 4106 659 4170 sui
677 4105 882 4188 occideretur,
900 4127 940 4168 ne
957 4107 1023 4169 eius
1037 4105 1230 4188 pollueretur
1282 4106 1289 4117 “

45 4194 254 4270 ·¹¹¹¹Perium
276 4204 351 4289 (der
378 4206 476 4271 letzte
499 4206 573 4272 Satn
602 4207 717 4292 gehiirt
738 4207 828 4271 nieht
850 4205 940 4270 mehr
963 4227 1017 4268 zur
1039 4208 1115 4269 orat.
1139 4206 1229 4291 obl).

174 4309 203 4387 ἐ.
224 4307 275 4372 30.
298 4306 612 4373 Reflexivumin
629 4309 748 4372 einem
764 4308 1016 4373 Ncbeusatze
1039 4304 1228 4372 ohneden

65 4373 227 4472 ll0dus
260 4409 328 4474 der
360 4409 492 4474 oratio
527 4408 702 4495 obliqua:
740 4408 839 4474 Cato
875 4431 900 4471 r.
936 4429 960 4471 r.
995 4409 1034 4473 31
1065 4411 1133 4472 tum
1167 4410 1230 4475 erit
