2850 5002
591 384 821 448 -212-

136 537 307 622 proiicitur
328 537 458 624 Appius
481 536 598 617 minor,
621 545 659 600 ut
680 537 805 603 indicet
827 537 868 623 de
890 537 1029 623 pecunia
1044 559 1086 602 ex
1108 537 1201 603 bonis

15 670 18 675 ·
136 639 209 702 triis
233 639 422 725 pervenisse
445 637 488 703 ad
504 635 681 703 Servilium
704 639 1060 726 praevaricationisque
1082 661 1180 705 causa
1193 638 1237 709 di

135 750 185 804 ret
207 740 390 827 depositum
413 739 471 805 HS
492 739 658 805 LXXXI.
702 741 786 807 Liv.
812 740 865 822 21,
889 739 918 821 8,
942 740 962 804 8
990 740 1068 804 11166
1097 762 1183 827 spes,
1203 740 1236 808 h

136 842 321 929 desperatio
349 841 474 906 animos
502 842 626 924 irritat,
655 841 765 907 Poeno
794 843 918 928 cepisse
948 840 1014 905 iam
1037 863 1072 906 66
1095 841 1226 927 urbem,

136 941 267 1030 paulum
290 942 467 1023 adnitatur,
490 943 660 1025 credente,
684 942 874 1028 Saguntinis
897 980 930 991 -
960 964 1097 1029 corpora
1119 965 1237 1030 oppone

133 1044 224 1111 tibus
253 1065 314 1108 nec
342 1042 409 1108 ullo
433 1044 549 1128 pedem
578 1046 756 1122 referente,
785 1045 883 1108 6616
905 1044 1055 1110 relictum
1077 1067 1098 1108 a
1119 1066 1154 1109 se
1174 1043 1237 1113 locu

135 1146 263 1210 hostem
286 1146 485 1210 immitteret.
499 1181 542 1192 —-
560 1144 715 1211 Welcben
731 1144 875 1229 Einfluss
899 1145 953 1210 die
974 1151 1162 1231 grlissere
1182 1146 1229 1211 En

136 1247 311 1331 fernung
332 1248 420 1311 eines
444 1245 668 1312 Ncbensatzes
691 1270 765 1313 vom
789 1246 995 1331 Hauptsatzc
1016 1246 1083 1328 hat,
1108 1248 1235 1332 zeigtti

135 1336 229 1413 Verr.
254 1349 285 1431 2,
308 1350 348 1413 37
372 1348 527 1414 Sthenius
550 1347 695 1435 postulat
717 1361 754 1415 ut
776 1371 849 1413 cum
864 1371 974 1413 secum
996 1351 1047 1413 sui
1071 1350 1159 1415 cives
1178 1369 1237 1433 agar

136 1448 177 1513 dc
200 1449 317 1519 litteris
340 1449 481 1533 publicis
504 1451 665 1537 corruptis
689 1451 824 1538 eiusque
846 1454 893 1515 rei
909 1449 1038 1535 legibus
1055 1449 1237 1515 Thermitam

136 1574 208 1617 rum
229 1552 314 1616 actio
342 1552 386 1616 sit
411 1562 607 1638 senatusque
629 1551 849 1616 Thermitanis
878 1551 967 1636 leges
989 1573 1064 1617 suas
1087 1551 1237 1617 reddidisu

136 1651 288 1737 idemque
310 1653 371 1718 hoc
393 1653 529 1717 haberet
551 1653 672 1718 Verres
695 1655 766 1740 ipse
788 1656 823 1718 in
845 1652 963 1737 edicto,
985 1658 1022 1718 ut
1042 1654 1084 1719 de
1106 1653 1156 1719 his
1176 1673 1237 1719 omn

135 1753 197 1819 bus
229 1755 337 1819 causis
369 1776 405 1819 sc
435 1754 478 1819 ad
506 1752 595 1839 leges
623 1757 763 1820 reliceret
791 1757 885 1842 (statt
912 1755 1066 1841 reiiciat).
1110 1754 1153 1821 So
1178 1753 1237 1841 pflq

135 1855 278 1921 namlich
307 1867 411 1939 sonst,
443 1879 537 1922 wenn
565 1855 651 1920 beim
673 1857 959 1943 Tempuswechsel
981 1857 1036 1921 die
1059 1855 1237 1922 Satastcllun

136 1959 193 2022 der
209 1957 413 2043 logischen
430 1957 591 2047 Ordnung
607 1958 715 2023 nicht
730 1958 921 2046 cntspricht,
937 1957 995 2022 der
1006 1957 1133 2043 logisch
1148 1957 1237 2024 uther

135 2058 293 2124 raumlich
317 2058 445 2125 l'ernere
467 2059 653 2124 Nebcnsatz
677 2061 721 2124 im
744 2059 946 2125 Praesens
969 2082 1011 2124 zu
1033 2060 1163 2125 stehen:
1184 2060 1237 2125 Ver

7 2220 11 2235 ,
135 2162 167 2244 2,
190 2162 231 2226 23
254 2171 371 2246 rogant
393 2183 466 2226 eum
489 2172 525 2226 ut
547 2162 610 2226 sibi
631 2162 665 2226 id
688 2162 776 2249 quod
798 2162 840 2227 ab
862 2162 943 2248 ipsis
966 2161 1092 2226 abisset
1113 2161 1237 2249 pecunia

136 2272 237 2327 curet.
271 2284 322 2348 cp.
358 2263 394 2326 17
429 2262 477 2327 1111
510 2285 583 2327 6661
617 2262 911 2329 commonefaciunt
936 2272 973 2327 ut
998 2264 1027 2327 si
1056 2265 1086 2328 ei
1116 2260 1237 2330 videret

137 2362 270 2448 (vulgm
297 2362 462 2450 videatur)
487 2373 597 2429 utatur
620 2365 769 2429 instituto
792 2387 860 2430 suo.
885 2389 916 2452 p.
940 2364 1071 2430 Cluent.
1093 2365 1136 2430 26
1158 2386 1225 2429 eum

137 2475 262 2529 ceteros
291 2463 451 2552 appellet,
481 2465 676 2549 quibuscum
699 2465 788 2552 loqui
811 2475 1011 2549 consuesset,
1039 2476 1146 2552 rogat.
1187 2467 1237 2532 Ver

136 2568 167 2648 ὃ,
190 2567 244 2650 44,
269 2566 336 2630 116.
381 2566 496 2630 chter
514 2566 571 2631 'bei
595 2569 761 2633 Caesar:
784 2567 815 2632 b.
838 2590 869 2652 g.
896 2570 924 2652 l,
947 2567 1120 2634 Scastella
1141 2589 1237 2634 comm

137 2669 199 2751 nit,
233 2690 297 2755 quo
321 2666 461 2751 facilius,
484 2671 512 2733 si
534 2691 568 2732 se
591 2669 695 2734 invito
719 2670 859 2734 transire
881 2680 1084 2753 conarentur,
1107 2669 1237 2758 prohibe

137 2769 251 2855 possit.
275 2792 324 2855 cp.
351 2770 466 2834 meos
490 2771 631 2850 incusat,
665 2772 766 2855 quod,
797 2793 871 2835 curn
898 2791 1005 2858 neque
1026 2773 1090 2836 emi
1112 2793 1237 2858 neque⁴

136 2873 224 2955 agris
247 2869 331 2934 sumi
353 2881 474 2958 posset,
497 2909 535 2919 —
554 2871 596 2936 ab
611 2871 652 2936 iis
668 2894 734 2938 non
749 2870 947 2937 sublevetur.
970 2873 1003 2956 5,
1030 2874 1066 2936 11
1083 2895 1115 2937 u.
1134 2872 1237 2938 lister.⁴

137 2970 406 3061 Nothwendig
428 2973 471 3037 ist
493 2973 551 3037 der
574 2973 870 3061 Tempuswcchscl,
891 2996 948 3044 *um
970 2973 1237 3040 Missverstttndnl

136 3097 177 3138 zu
199 3074 399 3157 vermciden,
424 3075 475 3138 bci
492 3075 561 3140 cic.
579 3077 671 3140 Verr.
694 3077 724 3161 3,
745 3076 788 3139 22
810 3084 879 3140 tum
900 3078 964 3140 iste
985 3097 1106 3162 magna
1129 3098 1208 3142 voce
1221 3077 1237 3141 11

137 3186 237 3262 perat,
261 3186 297 3240 ut
319 3176 415 3240 Xeno
437 3178 563 3241 audiret
580 3177 799 3262 (Folgesatz):
823 3176 901 3241 dum
916 3199 967 3241 res
983 3176 1158 3260 iudicetur,
1181 3179 1237 3244 hon

136 3299 209 3343 6616
232 3286 268 3342 61
283 3287 463 3360 asservent,
486 3300 559 3342 cum
575 3277 756 3344 iudicatum
771 3280 823 3359 sit,
847 3279 889 3343 ad
910 3300 946 3343 66
960 3280 1137 3346 adducant.
1149 3279 1237 3369 ,stan

137 3378 209 3442 hier
230 3380 352 3458 audiat,
376 3402 411 3444 66
434 3378 547 3445 wiirdc
570 3401 603 3445 es
619 3379 667 3443 als
684 3380 948 3446 Substantivsatz
971 3403 1013 3445 au
1035 3384 1173 3465 imperat
1185 3404 1237 3469 ger

136 3500 201 3565 gen
223 3478 365 3544 werden.

222 3581 338 3666 (legen
364 3583 418 3646 die
445 3581 592 3668 logische
620 3583 826 3668 Anordnung
854 3584 913 3649 der
940 3583 1040 3650 Same
1068 3587 1200 3652 werden
1226 3608 1237 3651 (

137 3680 510 3769 Temporavertauscht
531 3684 586 3749 bei
609 3682 766 3749 Sallust
788 3686 865 3770 Jug.
888 3687 929 3751 46
953 3689 1131 3774 persuadet
1153 3686 1237 3755 6111

136 3785 287 3868 gurtharn
316 3809 468 3850 16666166
502 3787 631 3871 vivum,
664 3786 715 3851 sin
744 3786 778 3850 id
807 3809 921 3874 parum
943 3791 1110 3872 procedat,
1133 3800 1237 3856 necao

137 3887 201 3951 sibi
230 3888 396 3952 traderent.
448 3887 538 3952 Nach
566 3888 711 3953 Cicero’s
745 3889 919 3955 Gebrauch
954 3900 1078 3958 m'ttsste
1104 3892 1237 3976 procedo

138 3989 205 4051 und
228 3990 359 4054 tradant
381 3990 505 4054 6161166.

222 4091 282 4155 Bei
306 4091 369 4155 den
391 4091 682 4158 nacbhlassischcn
704 4092 963 4158 Schriltstellern
986 4093 1134 4160 herrscht
1156 4096 1188 4161 in
1208 4093 1237 4157 di

138 4214 196 4256 sen
219 4192 490 4257 Constructionen
517 4202 668 4278 grbsscre
696 4192 860 4277 Willk‘ur,
892 4194 1003 4260 indess
1031 4195 1115 4261 fehlt
1145 4219 1179 4262 es
1204 4194 1237 4259 da

138 4293 220 4357 iiber
242 4316 283 4358 an
306 4292 593 4380 Beobachtungen.

221 4397 251 4473 ξ.
278 4395 347 4458 125.
392 4395 462 4460 Ι)61
486 4396 736 4484 (lonjunetiv
765 4397 833 4462 des
857 4398 1137 4465 historischen
1157 4398 1237 4463 Pru<

137 4518 227 4573 acus
250 4498 350 4561 ohne
374 4499 729 4586 voraulgcbendcs
753 4501 884 4565 Pracs.
916 4499 1156 4568 historicum
1177 4502 1237 4567 isti
