2850 5002
517 324 749 391 -377-

128 499 151 540 a.
173 475 209 539 B.
231 474 357 557 Attfl,
380 476 412 557 2,
435 476 456 539 3
479 484 544 539 tam
566 497 667 562 prope
690 476 867 543 accedebat
890 478 932 541 ad
954 478 1200 544 similitudinem

120 599 135 642 e
152 576 285 641 litterae.
323 600 355 641 n.
371 569 402 639 d.
422 579 449 658 1,
466 577 509 642 34
531 576 573 641 ad
596 575 836 642 similitudinem
852 581 1042 666 -propius
1065 581 1198 646 accede·

120 729 128 746 .
158 679 195 745 (16
225 690 272 745 61.
298 679 331 763 1,
354 678 396 743 62
427 679 529 744 616116
556 679 690 764 propius
720 678 762 742 ad
791 680 972 746 veritatem.
1005 706 1034 768 p.
1058 682 1131 767 Lig.
1158 684 1197 746 12

120 783 195 846 niues
218 779 260 845 ad
284 778 362 845 deos
384 777 475 844 nulla
496 803 531 844 re
554 781 697 866 propius.
722 780 813 846 Verr.
842 782 872 866 2,
888 783 919 863 3,
944 784 961 846 1
985 785 1132 869 proxime
1155 784 1197 849 ad

121 879 194 948 tram
223 879 440 968 disciplinam.
485 882 580 947 Aber
603 903 637 945 er
665 881 722 946 hat
749 883 832 947 auch
861 884 923 947 den
945 885 1085 950 Dativ:
1116 885 1194 950 fam.

137 985 186 1064 21,
208 986 230 1048 4
253 1005 304 1047 me
327 981 401 1047 huie
424 991 499 1047 tuae
522 983 638 1048 'virtuti
667 984 815 1069 proxime
837 986 1000 1050 accedere,
1047 986 1109 1052 Mit
1137 987 1196 1052 der

120 1085 308 1173 jectirform:
332 1084 423 1174 Brut.
446 1085 487 1150 47
511 1084 638 1149 duobus
661 1086 763 1169 igitur
785 1087 918 1150 summis
936 1087 1055 1153 Crasso
1078 1097 1110 1153 et
1125 1092 1193 1154 An·

120 1187 143 1251 16
162 1185 333 1271 Philippus
356 1186 527 1272 proximus
549 1186 733 1252 accedebat.
778 1187 847 1252 Mit'
862 1189 936 1251 dem
952 1187 1192 1273 Accusativ,

135 1288 207 1354 aber
221 1310 287 1354 von
310 1287 383 1351 dem
398 1286 536 1352 Adverb
559 1286 718 1371 abhdngt:
742 1311 773 1374 p.
791 1288 860 1353 Mil.
878 1290 921 1354 22
942 1292 1090 1375 proxime
1113 1292 1192 1356 deos

120 1391 186 1454 essit
208 1387 355 1454 Clodius.
399 1388 495 1453 Eben
519 1410 553 1453 66
569 1389 653 1453 Ρ111.
669 1388 700 1452 h.
716 1412 748 1453 n.
768 1390 806 1453 16
822 1394 852 1471 ξ.
869 1391 932 1455 204
947 1414 1030 1477 quae
1045 1395 1193 1478 proxime

120 1491 202 1556 edere
218 1492 358 1555 ebenum
374 1491 513 1555 videtur.
543 1489 607 1556 Mn
624 1489 767 1554 anderen
782 1490 975 1557 Adverbien
990 1493 1047 1557 des
1065 1491 1192 1558 Grades

132 1591 326 1674 Quintilian,
357 1591 416 1676 (161
443 1589 603 1658 ebenfalls
632 1590 755 1659 sowohl
783 1592 847 1657 den
869 1593 973 1657 Dativ
996 1593 1043 1659 als
1067 1597 1111 1661 ad
1137 1617 1192 1680 ge-

119 1695 200 1759 ucht:
233 1694 289 1776 10,
315 1696 348 1768 l,
372 1694 413 1758 68
436 1694 539 1779 magis
562 1692 690 1758 accedit
712 1693 851 1758 61616116
879 1697 1002 1779 generi.
1034 1696 1194 1782 aequem

120 1817 189 1860 1616
205 1796 353 1860 crederet
375 1796 517 1861 maxime
536 1792 703 1861 accedere.
737 1795 786 1876 12,
806 1796 853 1869 10,
871 1795 947 1860 9ad
964 1797 1137 1862 veritatem
1153 1836 1193 1848 -

120 1899 168 1962 ime
188 1897 376 1962 accessisse.
400 1936 442 1945 —
464 1897 624 1963 Bedentet
647 1898 787 1962 accedere
809 1896 989 1979 ‚nnehrend
1012 1898 1093 1963 oder
1116 1901 1191 1964 6161·

120 1999 151 2064 11
181 1998 456 2080 hinaukommen‚
490 1998 707 2084 hinaugefiigt
740 1998 908 2082 werden“,
943 2022 978 2063 so
1008 2001 1095 2065 steht
1128 2000 1193 2066 1661

120 2123 162 2167 rer
181 2103 241 2168 61.·
274 2101 350 2166 Ter.
374 2100 477 2171 Andr.
504 2103 533 2182 1,
556 2102 588 2183 3,
614 2100 654 2166 10
674 2099 717 2164 ad
740 2099 937 2165 haecmala.
974 2100 1042 2165 016.
1061 2102 1101 2166 (16
1123 2124 1190 2167 661.

120 2202 143 2267 (1
166 2203 267 2290 Appii
290 2202 420 2267 Claudii
449 2212 647 2266 senectutem
676 2200 854 2266 accedebat
884 2203 982 2267 ctiam
1011 2211 1048 2266 ut
1076 2225 1190 2269 caecus

120 2314 144 2368 t.
185 2304 261 2371 Und
291 2326 326 2369 so
356 2316 430 2389 sagt
458 2303 623 2377 derselbe:
652 2302 694 2367 ad
718 2324 859 2369 amorem
881 2301 965 2367 nihil
987 2313 1116 2390 poterat
1137 2328 1189 2371 ac-

120 2425 174 2489 ere3
198 2405 241 2470 ad
257 2406 389 2471 virtutis
409 2427 579 2488 summam,
603 2404 764 2470 adfinem
787 2405 958 2486 bonorum,
982 2405 1025 2469 ad
1048 2406 1189 2472 liberali·
1242 2469 1245 2473 ,

120 2528 163 2591 m,
184 2528 308 2573 novum
332 2511 453 2572 crimen
476 2507 518 2572 ad
541 2529 691 2589 causam,
715 2506 757 2571 ad
780 2507 981 2591 dignitatem,
1027 2508 1113 2572 Dem
1134 2533 1190 2596 ge·
1223 2553 1227 2563 ·

120 2611 237 2680 sauch
260 2608 355 2673 Caes.
378 2611 410 2674 b.
434 2631 464 2694 g.
492 2611 521 2691 1,
546 2609 682 2673 19.cum
706 2609 748 2672 ad
770 2608 829 2673 has
853 2609 1055 2695 suspiciones
1079 2612 1189 2676 certis·

120 2731 218 2778 16166
241 2710 445 2777 accederent.
474 2711 507 2775 b.
530 2733 557 2774 c.
574 2713 606 2794 3,
621 2711 664 2774 24
679 2709 721 2774 ad
744 2711 805 2775 hoc
820 2710 1063 2776 detrimentum.
1095 2713 1189 2779 Stcht

120 2812 228 2879 olchen
244 2812 507 2898 Verbindungen
529 2812 586 2878 (161
600 2813 743 2893 Dativ,
766 2835 802 2876 66
825 2811 1015 2877 bezeichnet
1037 2813 1187 2880 derselbe

122 2914 326 3003 persb'nliche
347 2914 523 2997 Interesse,
546 2914 608 2978 wie
631 2914 699 2979 016.
715 2936 747 2999 p.
765 2912 896 2994 Quinct.
916 2914 944 2997 1,
961 2916 981 2978 3
1003 2914 1085 2979 illud
1109 2939 1187 3001 quo·

121 3019 215 3083 66616
237 3017 376 3082 accedit.
409 3016 452 3081 ad
476 3015 541 3097 Qu.
564 3015 605 3079 fr.
631 3018 660 3099 1,
686 3017 715 3098 l,
741 3016 756 3078 1
781 3038 902 3081 annum
924 3017 1058 3082 tertium
1080 3039 1186 3083 acces·
1319 3057 1321 3062 .

120 3145 123 3173 1
138 3118 298 3185 desiderio
313 3128 425 3192 nostro
447 3127 479 3183 61
500 3117 605 3182 labori
627 3128 693 3183 tuo.
728 3118 769 3181 In
784 3115 1027 3182 u‘nlrlassischer
1042 3118 1186 3206 Sprache

120 3221 231 3287 taber
255 3219 313 3286 der
328 3210 440 3286 Datin
461 3221 544 3286 auch
568 3219 627 3304 (16,
649 3242 699 3285 wo
722 3219 775 3284 die
796 3217 972 3284 Klassiker
994 3221 1038 3286 uel
1058 3232 1185 3306 setzen3
1309 3262 1312 3267 ·

120 3321 201 3389 chon
224 3322 329 3388 Varro
352 3346 379 3388 r.
402 3345 428 3387 r.
445 3322 476 3404 2,
494 3323 561 3406 9,6
584 3322 702 3408 quibus
725 3322 881 3406 gregibus
904 3322 975 3385 sine
996 3324 1184 3409 pastoribus

120 3448 137 3489 s
164 3424 389 3491 accessissent.
419 3424 503 3489 Plin.
527 3425 559 3489 h.
589 3449 620 3493 n.
644 3423 746 3510 praef.
769 3425 799 3504 ξ.
825 3423 864 3486 12
891 3445 981 3488 meae
1008 3425 1184 3492 temeritati

120 3528 178 3596 6611
200 3527 262 3592 boc
284 3548 411 3613 quoque
434 3527 522 3613 quod
545 3537 601 3592 ctt.
625 3526 710 3589 Plin.
734 3548 784 3610 ep.
802 3526 834 3608 5,
851 3525 918 3606 8,9
941 3524 1033 3611 quid,
1057 3527 1085 3591 si
1106 3527 1183 3592 huic

120 3629 131 3692 i
157 3651 277 3695 novum
306 3628 504 3694 accesserit?
530 3666 566 3676 -
590 3629 742 3695 Accedere
769 3625 872 3692 heisst
898 3649 966 3691 nun
995 3628 1074 3692 aber
1099 3629 1183 3694 auch

120 3728 220 3813 allen,
244 3754 285 3795 zu
301 3731 397 3796 Theil
411 3729 579 3797 werden.“
609 3728 659 3792 11
672 3727 795 3793 diesem
811 3728 911 3812 Sinus
934 3727 1021 3793 steht
1043 3752 1076 3794 es
1094 3753 1183 3795 awar

120 3831 180 3899 Mal
202 3834 262 3896 mit
283 3835 342 3899 ud:
365 3833 439 3898 Ter.
462 3830 593 3896 Phorm.
616 3831 697 3918 prol.
721 3831 763 3895 29
785 3828 934 3896 voluntas
958 3823 1068 3896 vestra
1090 3833 1118 3895 si
1141 3831 1181 3895 ad

120 3957 167 4005 em
188 3927 373 3999 accesserit.
417 3934 510 3999 Aber
537 3935 572 3997 in
601 3931 686 3997 allen
708 3934 847 4017 dbrigen
870 3930 993 3998 Stellen
1016 3933 1101 3997 steht
1109 3933 1181 4027 der

125 4036 175 4101 iv:
216 4034 322 4101 Plaut.
345 4035 465 4122 Amph.
488 4036 524 4114 2,
548 4036 583 4118 2,
607 4037 646 4100 11
676 4034 736 4098 tibi
761 4032 900 4100 stultitia
927 4035 1074 4098 accessit.
1105 4034 1179 4098 Ter.
1206 4107 1210 4117 Ι

140 4139 171 4220 3,
189 4137 221 4219 5,
243 4139 285 4204 56
306 4136 486 4224 paullulum
510 4138 603 4202 vobis
627 4137 766 4202 accessit
788 4136 955 4222 pecuniae.
986 4136 1053 4199 016.
1076 4133 1117 4198 (16
1132 4158 1178 4200 61.

120 4238 218 4326 [lquo
240 4239 314 4326 plus
338 4240 402 4304 sibi
423 4241 540 4305 aetatis
563 4238 741 4304 accederet.
772 4261 803 4324 p.
821 4236 910 4302 0661.
930 4238 972 4301 30
994 4259 1065 4301 cum
1087 4236 1178 4322 paul·

128 4340 189 4404 iam
212 4342 338 4406 roboris
361 4342 553 4406 accessisset
575 4341 687 4406 aetati.
717 4340 810 4404 Brut.
832 4339 873 4404 33
895 4361 1009 4403 manus
1033 4348 1179 4404 extrema

124 4443 261 4511 accessit
284 4443 437 4536 operibus
461 4443 541 4513 eius.
570 4444 640 4513 Att.
659 4446 688 4528 1,
707 4441 756 4529 16,
773 4441 792 4509 9
808 4439 900 4511 (16161
922 4440 1061 4514 accessit
1083 4441 1177 4514 bonis
