2850 5002
532 358 877 427 -355-·

168 512 284 600 Htufig
317 516 362 579 ist
395 514 454 578 der
486 515 691 599 prttdicative
719 515 898 578 Accusativ
926 518 1131 598 praemialem
1157 513 1217 582 mit

120 637 179 680 nem
198 615 288 682 Verb
316 615 376 680 der
397 616 586 701 Bewegung
614 625 695 681 statt
718 618 935 698 praeabitare.
981 617 1025 682 So
1048 618 1217 682 entstehen

120 719 138 782 le
154 717 307 782 Phrasen:
331 719 543 803 praeeipitem
565 739 676 802 agere,
701 719 792 800 dare,
817 718 975 799 deiicere,
1000 720 1119 801 iacere,
1141 742 1215 806 pro·

120 841 182 900 uere,
196 821 333 898 mittere,
358 817 543 901 deturbare,
559 818 760 903 perturbare,
784 841 909 905 rapere,
932 821 1072 901 trahere,
1088 843 1214 905 urgere.

161 922 186 985 3.
227 920 315 985 Statt
342 921 399 984 des
426 921 653 1004 pr'a'dicativen
681 922 879 984 Accusativs
913 920 1036 1016 finden)
1051 921 1122 985 sich
1148 938 1216 986 nun

120 1020 222 1106 lgende
244 1019 520 1106 Verbindungen:

160 1124 189 1208 a)
212 1122 273 1185 mit
300 1121 359 1185 der
381 1123 589 1210 Prtposition
614 1145 673 1205 pro
700 1121 754 1187 bei
784 1122 990 1187 denVerbis
1020 1125 1092 1206 „fiir
1115 1133 1215 1190 etwas

120 1213 192 1307 llten,
214 1224 438 1288 versichern“:
461 1225 575 1290 labe-re
597 1225 707 1308 (meist
728 1225 773 1288 im
785 1225 930 1309 Passiu),
953 1231 1074 1307 putare,
1097 1228 1214 1305 ducere,

120 1327 198 1404 edere,
211 1327 356 1407 probare,
367 1326 520 1409 polliceri,
538 1326 626 1389 daun
638 1329 721 1389 auch
733 1327 906 1409 affirmare,
919 1348 1043 1409 ponere,
1059 1349 1091 1392 se
1100 1347 1214 1412 uetere,

120 1445 180 1505 tera
199 1427 244 1490 im
264 1425 448 1512 Spfitlatein
469 1433 648 1509 commutare
668 1428 736 1491 und
753 1431 908 1511 profiteri.
932 1465 970 1477 —
990 1429 1097 1492 sehon
1119 1427 1215 1493 Plau-

120 1548 135 1590 ,1
152 1536 235 1612 sagt:
259 1527 451 1614 pronihi10‚
475 1551 534 1614 pro
557 1539 645 1594 certo
667 1528 810 1593 habere·
837 1528 904 1593 Cic.
929 1529 996 1592 div.
1020 1531 1055 1592 in
1077 1530 1172 1593 Caec.
1196 1531 1214 1593 7

120 1647 140 1690 το
161 1627 258 1693 nihilo
286 1638 411 1715 putare.
462 1630 623 1694 Dasselbe
645 1630 729 1694 Phil.
756 1631 809 1712 10,
833 1632 863 1694 3.
886 1628 975 1697 Lael.
999 1631 1050 1694 23.
1092 1630 1216 1694 Ferner

142 1728 216 1795 Tull.
244 1732 284 1795 37
315 1753 374 1817 pro
402 1753 554 1796 concesso
582 1741 724 1818 putetur.
753 1731 788 1794 in
816 1730 934 1796 Caecil.
967 1732 1006 1796 15
1040 1754 1099 1816 pro
1127 1740 1215 1795 certo

120 1828 222 1896 editur.
245 1830 307 1916 leg.
330 1854 398 1917 agr.
420 1833 450 1915 2,
472 1834 513 1897 37
536 1855 595 1918 pro
618 1843 707 1897 certo
729 1832 894 1919 polliceor.
918 1831 1010 1896 Verr.
1034 1833 1069 1913 2,
1095 1833 1133 1896 16
1155 1855 1214 1919 pro

120 1929 175 1996 tito
194 1932 324 1999 ducere.
368 1933 530 1998 Dasselbe
553 1935 603 2000 off.
626 1936 660 2015 3,
683 1935 714 1998 5.
737 1932 830 1998 acad.
854 1955 901 2018 pr.
925 1934 960 2013 2,
982 1933 1025 1996 44
1045 1956 1105 2018 pro
1127 1935 1215 2005 veris

120 2032 219 2098 robure.
241 2058 273 2120 p.
290 2034 390 2100 Arch.
413 2034 443 2117 5,
470 2037 506 2099 11
530 2057 566 2100 se
585 2039 713 2118 yessisse
734 2057 793 2121 pro
816 2035 898 2097 cive.
939 2034 1016 2100 Sall.
1040 2034 1111 2101 Cat.
1135 2035 1171 2116 3,
1194 2035 1215 2098 2

120 2153 141 2197 το
158 2136 242 2200 falsis
265 2136 365 2201 ducit.
394 2137 582 2201 Passivisch
600 2138 682 2220 12,1
706 2138 892 2201 innocentia
913 2159 971 2223 pro
986 2135 1216 2200 malevolentia

120 2237 156 2300 uui
173 2238 286 2323 coepit.
310 2276 348 2286 —
372 2239 444 2302 Liv.
468 2239 504 2319 6,
528 2239 547 2302 6
575 2261 634 2324 pro
657 2247 745 2302 certo
773 2237 901 2304 habere.
935 2239 968 2320 1,
991 2239 1011 2301 3
1041 2260 1099 2323 pro
1127 2246 1215 2303 certo

120 2332 244 2403 iirmare.
267 2339 355 2420 23,6
376 2339 440 2405 hoe
460 2360 581 2425 ponere
603 2363 661 2426 pro
677 2350 764 2404 certo
787 2362 858 2404 sum
872 2342 1007 2404 veritus.
1030 2339 1083 2421 23,
1099 2339 1141 2403 22
1156 2361 1215 2424 pro

120 2455 147 2500 tn
164 2440 246 2506 dicto
270 2439 457 2506 habendum
480 2450 538 2505 est.
567 2439 828 2525 Ungewbhnlich
841 2440 908 2505 und
925 2440 1081 2505 silbernes
1096 2441 1216 2504 Latein

120 2543 141 2599 t:
166 2540 248 2607 Suet.
273 2540 389 2606 Claud.
412 2543 454 2606 25
476 2543 532 2624 qui
560 2564 595 2606 se
623 2563 681 2627 pro
712 2541 877 2628 equitibus
901 2542 1056 2607 Romanis
1079 2547 1214 2625 ayereal.

120 2657 231 2727 agegen
252 2644 312 2706 mit
327 2643 444 2707 Accua.
468 2665 517 2729 cp.
534 2643 576 2707 29
597 2665 663 2708 non
679 2645 856 2729 principem
882 2666 927 2727 se,
950 2643 1009 2706 sed
1032 2644 1215 2707 ministrum

120 2738 149 2813 ‚it
172 2747 208 2826 (a.
237 2742 323 2811 oben
349 2744 407 2809 Nr.
434 2745 476 2829 1.)
504 2744 673 2830 Lamprid.
703 2743 778 2808 Hel.
808 2746 845 2808 11
874 2745 1023 2808 ruborem
1051 2766 1111 2829 pro
1140 2767 1214 2810 eon·

120 2859 173 2908 nau
192 2846 326 2909 ducens.
363 2846 457 2909 Laut.
479 2846 510 2928 2,
534 2846 565 2928 8,
580 2845 623 2909 49
644 2867 703 2932 pro
727 2846 876 2912 confesso
899 2855 931 2910 et
952 2843 1136 2909 indubitato
1158 2845 1215 2909 ha·

120 2962 164 3008 re.
184 2948 213 3030 3,
228 2948 259 3030 3,
279 2948 317 3012 16
339 2968 398 3032 pro
414 2946 556 3011 stultitia
569 2953 756 3030 computare.
784 2948 814 3030 6,
827 2948 879 3028 26,
904 2947 944 3011 10
964 2969 1024 3032 pro
1046 2945 1215 3032 voluptate

120 3057 269 3132 mputare.
302 3051 353 3112 ira
367 3047 432 3112 Dei
454 3050 516 3129 1,7
539 3071 598 3133 pro
621 3071 746 3113 summa
768 3049 917 3114 doctrina
932 3049 1088 3131 proritari.
1119 3046 1215 3112 Auoh
1295 3069 1298 3074 ·

120 3149 241 3215 mobius
258 3159 365 3234 ⁴aagt:
401 3171 460 3236 pro
493 3150 628 3214 ludicris
663 3159 860 3237 computare.
895 3187 935 3196 -
969 3149 1030 3215 Bei
1056 3147 1215 3213 manchon

122 3243 333 3315 hriftstellern
347 3251 392 3315 iet
405 3250 527 3336 jedoeh
542 3250 596 3315 die
611 3251 843 3316 Construction
858 3251 917 3315 mit
933 3272 995 3334 pro
1011 3250 1086 3315 sehr
1101 3248 1214 3314 selten.

120 3368 146 3414 ra
167 3353 289 3416 Caesar
316 3376 345 3416 z.
369 3354 407 3420 B.
438 3351 522 3416 habe
549 3353 602 3417 ich
631 3375 694 3417 nur
715 3352 832 3418 notirt:
862 3350 894 3416 b.
917 3373 950 3436 g.
973 3353 1009 3434 6,
1032 3351 1053 3416 5
1077 3373 1135 3436 pro
1158 3372 1214 3414 ex·

120 3461 198 3518 >rato
220 3452 375 3518 habebat.
412 3455 441 3534 l,
464 3454 485 3519 5
506 3476 572 3519 non
594 3453 725 3519 videtur
746 3477 805 3539 pro
828 3462 915 3518 certo
938 3475 1009 3517 esse
1031 3475 1214 3540 proponen-

120 3572 162 3619 m.
204 3554 265 3619 Bei
287 3554 421 3619 Tacitus
450 3555 508 3618 hat
535 3555 588 3618 die
611 3555 818 3640 Prttpoeition
844 3577 886 3619 an
914 3555 977 3619 den
1004 3553 1135 3618 hierher
1160 3576 1215 3638 ge·

120 3657 239 3721 reuden
267 3655 390 3720 Stellen
417 3657 532 3720 immer
559 3657 612 3720 die
640 3657 835 3740 Bedeutung
862 3655 921 3719 der
943 3654 1215 3739 Stellvertretung

120 3775 154 3821 er
167 3756 456 3842 Verweehselung‚
472 3757 535 3823 wie
551 3781 578 3825 z.
592 3758 770 3842 B.Agr.28
785 3779 845 3843 pro
863 3754 1084 3843 praedonibus
1099 3754 1215 3821 habiti.

121 3857 213 3926 eilich
236 3857 318 3944 liegt
339 3859 429 3923 ‹liese
444 3857 638 3942 Bedeutung
658 3858 842 3944 uberhaupt
863 3857 938 3921 dem
960 3856 1072 3924 bieher
1092 3856 1214 3922 behan-

120 3951 183 4024 lton
204 3959 381 4026 Gabraueh
402 3981 470 4023 von
485 3960 551 4042 pro'
569 3983 610 4024 zu
634 3958 780 4026 Grunde.

156 4060 191 4146 b)
213 4060 274 4126 mit
299 4063 337 4126 ia
357 4061 424 4125 und
446 4061 520 4124 dem
543 4061 681 4127 Ablativ
703 4062 791 4124 eines
814 4058 958 4125 Plurals:
981 4059 1048 4125 Cic.
1064 4059 1155 4123 Brut.
1171 4059 1211 4123 86

120 4141 312 4228 ebonem'in
334 4163 468 4227 summis
491 4161 673 4227 oratoribus
696 4162 844 4226 habitum
870 4161 949 4226 scio.
972 4160 1027 4224 fin.
1050 4160 1080 4240 3,
1103 4162 1123 4225 3
1145 4161 1211 4223 vir-

120 4283 174 4328 ;em
193 4267 229 4329 in
250 4264 347 4329 bonis
369 4263 498 4328 ducere.
533 4263 630 4327 Tuae.
652 4265 679 4344 1,
694 4263 737 4327 49
759 4264 793 4326 in
815 4261 907 4327 malis
930 4261 1057 4326 ducere.
1080 4261 1157 4324 fam.
1181 4263 1211 4345 t,

137 4363 172 4428 id
192 4387 252 4452 ego
275 4366 310 4429 in
331 4364 431 4429 lucris
452 4387 549 4449 pono.
581 4364 673 4429 Laut.
697 4364 728 4447 5,
752 4365 783 4447 3,
806 4365 826 4427 3
848 4362 962 4427 haberi
983 4365 1018 4427 in
1038 4361 1145 4426 bonia
1168 4384 1211 4426 m.

120 4483 158 4530 re.
178 4467 231 4549 38,
252 4466 274 4532 5
295 4467 330 4531 in
351 4466 518 4531 beneficiis
540 4465 745 4550 petebantur.

127 4566 261 4625 bruger,
273 4569 336 4613 nist
349 4569 435 4618 syntax
450 4566 472 4608 d.
485 4568 527 4609 lut.
543 4568 592 4623 spr,
976 4571 1010 4621 24
