2850 5002
619 270 826 333 -55..

92 494 94 499 .
143 440 294 501 arcentes
317 437 358 500 ab
380 460 425 502 se.
449 438 499 516 35,
522 439 565 502 30
586 459 693 503 secum
716 437 1011 520 11111111.43,18.
1036 460 1142 502 secum
1158 396 1289 504 efferen-

98 588 108 601 .
142 539 242 603 tibus.
266 539 297 619 5,
319 538 362 603 45
383 538 533 622 praedam
555 560 631 623 prae
654 560 687 602 se
709 540 850 624 agentes.
873 538 925 622 38,
947 539 986 601 21
1016 560 1093 623 prae
1115 561 1148 604 11
1170 539 1289 604 haben·

142 639 228 703 tium
250 642 349 703 scuta.
393 639 468 724 vgl.
491 638 642 702 Kiihnast
662 638 693 703 S.
717 638 767 704 98.

231 739 375 822 11111111
405 761 439 804 10
469 739 518 803 bei
540 739 784 823 Adjeetiveu
811 740 876 804 und
904 739 1200 806 Substantiven
1228 744 1287 808 mit
1411 780 1416 791 ·

92 849 95 858 '
136 841 219 905 'dem
243 840 373 905 Genitiv
395 841 450 905 des
473 841 696 925 Reflexivums,
720 839 793 904 wie:
822 862 1003 927 memorem,
1027 846 1206 927 compotem
1229 846 1288 927 sui,

94 952 108 1012 ‚⁵¹
146 942 346 1006 conservatio
383 941 441 1026 sui,
477 942 639 1007 miseratio
676 941 735 1026 sui,
773 962 868 1025 sogar
902 943 962 1007 wie
998 944 1049 1008 bei
1082 943 1150 1008 Liv.
1186 945 1214 1028 7,
1247 947 1288 1010 33

144 1043 300 1126 proelium
333 1080 374 1089 —
408 1065 479 1107 cum
508 1043 624 1125 fiducia
651 1042 699 1106 sui
728 1043 796 1122 sine
825 1046 1010 1128 contemptu
1037 1045 1175 1110 hostium
1205 1068 1287 1110 com·

92 1204 95 1213 .
144 1144 280 1208 missum
309 1147 378 1209 est..
399 1145 448 1228 10,
478 1145 517 1208 14
544 1165 604 1208 nec
632 1144 787 1208 sustinere
816 1145 905 1208 frons
932 1145 1037 1229 prima
1065 1148 1133 1230 tam
1151 1145 1287 1232 longum

145 1248 309 1310 certamen
339 1246 640 1330 increscentemque·
665 1247 780 1310 fiducia
812 1246 861 1310 sui
894 1245 959 1310 vim
985 1247 1150 1330 potuisset.
1197 1247 1283 1315 Seu.

145 1348 239 1412 clem.
265 1348 293 1429 1,
317 1347 347 1425 3,
370 1347 392 1409 4
413 1346 520 1411 vilitas
543 1347 591 1410 sui
614 1346 928 1431 Selbstverachtung.
952 1347 1001 1411 ira
1023 1349 1054 1431 2,
1071 1349 1122 1431 21,
1145 1351 1164 1414 3
1187 1349 1287 1414 nimia

146 1448 328 1512 aestimatio
343 1448 392 1511 sui
407 1447 780 1535 Selbstiiberseh'atzung.
803 1449 857 1513 vit.
874 1448 955 1513 beat.
972 1449 1002 1532 5,
1017 1450 1038 1513 2
1053 1450 1211 1535 ignoratio
1226 1453 1285 1516 sui.

143 1549 185 1613 In
221 1549 330 1613 diesen
359 1547 613 1634 Verbindungen
640 1549 683 1613 ist
709 1549 897 1622 Substantiv
931 1549 995 1613 und
1026 1550 1205 1615 Pronomeu
1234 1553 1286 1617 ein

143 1649 274 1734 Begriff
291 1648 471 1743 geworden.

230 1753 266 1835 g)
290 1747 372 1814 Dem
414 1750 647 1835 entsprechend
690 1750 885 1815 verwandclt
927 1752 995 1816 sich
1030 1751 1086 1816 das
1119 1753 1283 1837 reciproke

142 1855 228 1917 inter
254 1873 286 1917 sc
313 1853 348 1915 in
375 1851 428 1915 ein
455 1851 610 1935 Atirc'but,
638 1852 697 1915 wie
725 1851 804 1917 Liv.
828 1852 857 1935 6,
880 1853 921 1917 38
951 1853 1124 1917 certamine
1146 1853 1230 1918 inter
1252 1878 1285 1919 se

144 1953 202 2036 (=
230 1953 363 2037 mutuo).
389 1952 424 2036 7,
452 1953 472 2016 8
494 1952 578 2016 inter
605 1974 638 2016 11
666 1952 806 2017 vocibus,
835 1953 869 2036 8,
899 1954 938 2017 14
966 1953 1102 2018 conubia
1128 1954 1214 2018 inter
1241 1977 1284 2020 se.

148 2055 204 2137 21,
226 2055 266 2119 39
289 2052 474 2137 opinionem
496 2054 580 2118 inter
603 2074 646 2132 se,
669 2076 699 2117 u.
724 2054 815 2116 diter.

175 2148 181 2155 ’
230 2155 266 2239 h)
290 2153 419 2218 Andere
454 2155 800 2239 praepositionale
836 2155 987 2218 Formeln
1024 2154 1109 2219 sind:
1149 2179 1209 2239 per
1243 2179 1283 2237 sc,

143 2255 197 2319 bei
227 2255 291 2320 010.
322 2254 387 2318 und
416 2255 533 2320 011111
560 2255 642 2320 noch
671 2255 789 2340 selten,
825 2255 901 2320 weit
926 2254 1070 2339 hdufiger
1097 2256 1149 2320 bei
1176 2258 1284 2323 Livius

141 2356 224 2441 (vgl.
248 2356 397 2420 Kiihnast
419 2355 449 2421 S.
476 2357 768 2440 10011111111111,
798 2356 862 2421 011.
885 2357 939 2420 fin.
962 2357 992 2439 5,
1018 2357 1055 2420 17
1078 2357 1176 2421 -sechs
1209 2358 1284 2423 Mal.

140 2457 202 2522 Bei
233 2458 368 2522 Livius
397 2457 520 2521 kommt
546 2458 643 2521 hinnu
666 2479 729 2541 pro
755 2479 804 2523 sc:
831 2458 862 2540 2,
889 2459 931 2522 55
958 2456 1018 2541 ‘ubi
1046 2456 1284 2542 indignantium

138 2580 203 2643 pro
231 2580 264 2622 11
293 2562 366 2642 („zu
394 2559 503 2623 seinen
527 2557 710 2643 Gunsten“)
734 2558 1285 2643 101111111111·111111111.39,40

140 2660 305 2725 orationes
338 2662 371 2723 et
402 2681 460 2743 pro
496 2682 529 2723 se
562 2660 680 2724 multae
713 2663 745 2723 et
771 2680 830 2742 pro
859 2658 929 2722 aliis
959 2659 1013 2739 (=
1041 2681 1119 2742 quas
1145 2659 1284 2745 habuit).
1405 2747 1408 2751 Ι

139 2761 172 2841 4,
203 2762 244 2824 44
272 2782 368 2826 causa
397 2761 465 2844 ipse
492 2781 551 2844 pro
580 2783 612 2825 11
641 2760 736 2824 dicta.
787 2759 851 2823 Das
880 2759 1070 2846 Gegentheil
1100 2760 1199 2825 durch
1227 2763 1282 2826 ad-

139 2883 251 2927 versas
281 2883 332 2927 se:
365 2862 394 2945 1,
420 2863 463 2927 32
496 2861 589 2924 simul
622 2861 656 2924 in
689 2860 869 2945 Campanos
904 2860 1089 2925 stimulabat
1120 2861 1183 2945 111,
1217 2865 1283 2926 11111
1380 2920 1388 2928 .

139 2966 308 3047 promptos
336 2985 423 3027 nunc
451 2963 489 3026 ad
518 2962 647 3027 ferenda
673 2984 758 3026 nunc
785 2963 825 3026 ad
855 2962 1045 3026 accersenda
1073 2961 1221 3026 adversus
1250 2985 1283 3028 se

139 3063 272 3128 auxilia.
316 3063 476 3129 Aehnlieh
504 3061 732 3128 1111110111.
762 3062 793 3126 b.
816 3084 848 3147 g.
871 3063 902 3145 6,
926 3062 945 3125 9
964 3061 1095 3149 duabus
1118 3062 1156 3127 de
1180 3065 1283 3129 causis

139 3165 291 3230 Rhenum
317 3165 451 3229 transire
479 3165 655 3243 oonst'tuit,
685 3186 819 3249 quarum
846 3186 910 3227 uua
938 3167 1018 3247 erat,
1054 3153 1283 3247 quod‘auxilia

139 3273 253 3333 contro
275 3288 306 3332 sc
321 3267 465 3330 Treveris
487 3266 650 3331 miserant.
694 3264 776 3329 Eine
790 3262 977 3350 Beziehung
999 3265 1056 3329 auf
1067 3265 1125 3329 das
1139 3266 1283 3351 logische

140 3369 276 3451 Subject
297 3367 340 3431 ist
362 3367 443 3431 auch
465 3390 503 3431 zu
526 3367 687 3430 erkennen
709 3366 760 3430 bei
782 3366 862 3431 niv.
885 3367 915 3450 2,
931 3367 973 3432 43
994 3388 1094 3450 remp.
1119 3367 1283 3450 sustinuit,

92 3515 94 3519 ,
140 3490 239 3553 quam
277 3469 447 3548 exercitus,
483 3473 636 3551 qnantum
668 3471 704 3533 tn
734 3489 766 3533 sc
796 3468 861 3548 fnit
889 3468 944 3552 (=
972 3469 1127 3552 quantum
1162 3469 1281 3554 potuit)

140 3570 306 3654 prodebat.
350 3569 444 3653 Nep.
476 3571 524 3650 11,
553 3571 573 3635 3
600 3572 702 3653 pater,
730 3571 883 3651 quantum
911 3568 945 3632 iu
968 3588 1001 3632 se
1023 3569 1099 3651 fuit,
1127 3569 1282 3658 Thracem

142 3693 197 3736 me
219 3671 341 3755 genuit.
385 3670 513 3734 Andere
536 3669 764 3734 Schriftsteller
785 3669 988 3754 gebrauchen
1012 3669 1104 3733 dafur
1125 3671 1198 3752 ipse,
1222 3671 1282 3735 wie

140 3772 225 3838 011.
249 3794 279 3854 p.
303 3770 418 3835 Flacco
441 3772 493 3854 25,
517 3771 556 3834 61
585 3792 702 3835 nomen
731 3771 845 3836 civium
871 3771 1097 3854 Romanorum,
1127 3774 1280 3855 quantum

138 3875 176 3937 in
206 3872 283 3955 ipsis
312 3872 389 3955 fuit,
418 3872 623 3936 sustulerunt.
652 3871 745 3936 Tusc.
769 3873 800 3956 5,
827 3873 876 3955 13,
899 3872 939 3936 37
970 3874 1125 3955 quantum
1147 3871 1181 3935 in
1202 3872 1281 3956 ipsis

140 3975 196 4038 sit.
245 3968 323 4037 val.
352 3972 447 4058 Max.
484 3974 513 4055 9,
544 3973 592 4052 10,
623 3975 638 4036 1
675 3995 754 4056 quae
789 3972 854 4037 illis
886 3972 983 4036 vitam
1016 3995 1053 4036 ac
1085 3972 1278 4055 libertatem,

139 4078 297 4160 quantum
320 4073 354 4137 in
376 4074 446 4157 ipsa
469 4074 538 4154 fuit,
562 4073 733 4153 ademerat.
778 4074 944 4159 August.
968 4073 1027 4138 civ.
1051 4072 1102 4137 dei
1124 4074 1155 4155 5,
1178 4073 1231 4137 23.

229 4175 253 4256 1)
276 4175 343 4239 Das
380 4167 522 4240 Reflexiv
557 4196 634 4241 sans
670 4175 795 4240 bezieht
830 4174 898 4240 sich
935 4175 991 4238 auf
1025 4173 1077 4237 ein
1113 4195 1169 4237 aus
1208 4175 1279 4238 dem

139 4277 289 4360 Vorigen
317 4298 356 4340 zu
393 4276 664 4361 ergiinzendes
692 4277 839 4361 Subject:
875 4274 953 4340 010.
982 4275 1072 4340 Verr.
1100 4275 1130 4357 2,
1160 4276 1209 4359 13,
1239 4277 1280 4340 33

140 4379 224 4443 haec
246 4377 355 4443 omnia
376 4378 438 4442 isto
461 4384 606 4463 praetore
629 4400 694 4444 non
717 4378 812 4444 modo
834 4375 1027 4461 perturbata,
1055 4376 1110 4440 sed
1132 4376 1226 4462 plane
1249 4380 1281 4444 et
