2850 5002
605 329 752 394 —503
796 337 837 377 -·-

149 480 344 567 expulerunt
359 490 391 546 et
414 480 556 568 reliquos
572 481 767 568 Tarquinios
783 480 959 546 offension'e
974 482 1126 545 nominis.
1156 503 1188 566 p.
1205 481 1291 546 Mur.

147 583 185 647 37
218 593 254 646 tu
280 582 500 669 imprudentia
528 582 658 648 laberis.
695 582 736 647 de
759 605 804 646 or.
827 583 863 663 3,
885 581 928 646 28
955 604 1041 646 nuuc
1070 583 1155 646 enim
1183 583 1294 670 inopia

147 685 285 748 reticere
306 682 544 768 intelliguntur.
577 684 662 765 1,22
681 706 744 748 11011
761 684 915 770 superbia
929 704 1034 770 neque
1056 683 1293 749 inhumanitate
1378 676 1382 683 ⁴

146 784 318 848 faciebam.
343 786 412 848 inv.
428 785 459 866 2,
474 786 516 849 35
537 808 601 851 non
622 785 697 850 odio
720 807 823 872 neque
838 785 1031 850 crudelitate
1052 787 1181 866 fecisse,
1205 786 1292 871 quod

146 886 272 966 fecerit,
297 885 355 949 sed
377 895 434 950 aut
456 884 597 951 stultitia
618 895 675 951 ctt.
705 886 855 950 Β1111.24
872 886 1018 952 videmus
1042 888 1123 951 alios
1145 896 1290 952 oratores

146 987 265 1050 inertia
291 985 373 1050 nihil
406 988 586 1073 scripsisse.
624 988 663 1052 78
691 1008 807 1052 vereor
835 1009 876 1051 ne
903 1009 1012 1052 amore
1040 987 1153 1052 videar
1186 986 1290 1075 plura,

146 1109 245 1173 quam
267 1088 391 1152 fuerint
412 1090 446 1152 in
468 1088 539 1168 illo,
563 1087 682 1152 dicere.
719 1089 760 1152 89
789 1089 869 1152 iuris
892 1088 999 1154 civilis
1022 1088 1132 1154 studio
1154 1086 1292 1154 multum

146 1210 263 1275 operae
298 1188 415 1254 dabam
445 1189 487 1270 Q.
511 1189 698 1256 Scaevolae.
736 1191 789 1254 off.
821 1193 853 1269 l,
880 1189 923 1252 24
952 1212 1117 1276 nunquam
1145 1190 1290 1277 profecto

145 1289 282 1375 periculi
310 1290 391 1376 fuga
420 1297 491 1374 (aus
515 1291 623 1356 Scheu
645 1291 718 1374 vor)
741 1290 1007 1356 committendum
1036 1300 1086 1355 est
1112 1303 1147 1355 ut
1169 1301 1225 1356 ctt.
1249 1290 1290 1354 de

145 1413 191 1456 01.
215 1392 247 1472 3,
262 1392 305 1456 52
321 1393 436 1476 015110,
459 1414 596 1480 quae-
614 1392 754 1478 quadam
770 1393 994 1457 mediocritate
1012 1391 1173 1456 laudatur.
1203 1392 1289 1478 legg.

147 1496 173 1570 1,
201 1495 237 1557 11
267 1493 361 1559 dolor
388 1495 420 1557 in
444 1494 596 1558 maximis
619 1492 713 1557 malis
737 1493 884 1574 ducitur,
918 1503 987 1557 tum
1015 1516 1074 1558 sua
1102 1495 1289 1579 asperitate,

144 1603 214 1657 tum
237 1595 323 1680 quod
346 1604 403 1660 ott.
429 1634 467 1643 —
492 1595 604 1660 ans.
627 1595 658 1660 b.
683 1617 711 1659 c.
734 1595 767 1673 3,
793 1595 834 1658 99
858 1617 930 1658 cum
953 1597 1041 1668 vires
1064 1618 1138 1660 eum
1159 1595 1288 1661 lassitu-

143 1695 221 1759 dine
243 1695 441 1761 defecissent
462 1699 535 1780 (aus
557 1697 756 1780 Ermattung
777 1694 885 1760 verlor
908 1717 942 1759 er
964 1695 1017 1759 die
1039 1695 1164 1781 Kraft).
1194 1696 1224 1777 2,
1247 1697 1289 1762 39

143 1797 272 1884 reliqua
299 1797 408 1863 studio
434 1799 561 1862 itineris
588 1796 784 1863 conficiendi
806 1817 961 1883 quaerere
982 1797 1226 1882 praetermittit.
1257 1798 1288 1878 3,

144 1898 185 1962 79
206 1898 345 1984 pristina
366 1921 426 1964 sua
448 1898 681 1964 consuetudine
709 1899 757 1981 (in
778 1898 880 1982 Fulge
907 1898 995 1962 ihrer
1016 1898 1104 1962 alten
1126 1898 1287 1963 (151101111-

143 1998 237 2082 11511).
266 2001 308 2064 Ι51
333 2023 390 2086 spe
413 1999 605 2065 conficiendi
627 1999 752 2084 negotii
774 2021 875 2086 prope
897 1999 932 2062 in
953 2007 1080 2063 noctem
1102 2020 1171 2061 rem
1187 1999 1288 2062 duxe-

141 2108 227 2164 rant.
258 2102 291 2164 b.
314 2123 346 2186 g.
372 2104 400 2185 l,
424 2102 467 2165 44
487 2101 586 2187 idque
609 2123 644 2165 se
667 2122 705 2165 ea
728 2123 786 2187 spe
807 2100 938 2186 petisse.
965 2100 1006 2164 28
1028 2098 1063 2162 id
1086 2121 1125 2164 ea
1147 2100 1289 2163 maxime

141 2201 270 2267 ratione
292 2202 388 2285 fecit,
412 2204 499 2290 quod
522 2212 578 2268 ctt.
622 2201 722 2268 Bell.
744 2200 857 2266 Alex.
880 2203 922 2266 58
944 2201 1083 2266 forsitan
1106 2201 1204 2265 etiam
1226 2200 1288 2265 hoc

141 2302 258 2368 fecerit
281 2303 355 2384 odio
370 2303 520 2368 Caesaris
544 2315 576 2368 et
598 2325 708 2368 amore
730 2304 886 2390 Pompeii.
917 2301 1152 2367 8511011151
1179 2301 1287 2366 studio
1327 2359 1331 2365 .

141 2405 224 2491 reip.
247 2404 383 2469 dixisse.
415 2405 491 2490 lug.
514 2405 556 2470 40
578 2407 662 2470 odio.
698 2406 738 2470 70
759 2415 859 2470 metu.
903 2403 943 2468 In
964 2404 1029 2468 den
1052 2403 1286 2487 Fragmenten:

141 2506 318 2570 formidine
340 2506 469 2571 Italiam
493 2506 647 2571 deseruit.
693 2506 784 2570 Beim
807 2505 939 2571 Passiv:
969 2504 1039 2569 Cat.
1063 2505 1211 2569 6551515
1233 2504 1287 2568 vel

142 2629 240 2671 curae
262 2608 477 2672 similitudine
499 2617 608 2693 patres
632 2607 892 2695 appellabantur.
909 2645 948 2654 —
966 2609 1036 2671 Aus
1053 2607 1210 2686 Livius,
1234 2607 1288 2670 bai

142 2707 298 2773 walchem
326 2709 383 2773 der
411 2708 587 2775 Gabrauch
621 2710 691 2774 sich
723 2708 807 2773 noch
840 2708 952 2773 weiter
985 2707 1161 2786 ausdehnt,
1198 2706 1288 2771 fiihrt

141 2810 296 2874 Kiihnast
311 2810 345 2876 S.
363 2811 424 2875 164
437 2832 495 2874 an:
519 2809 639 2875 fiducia
659 2810 768 2875 studio
784 2810 918 2874 caritate
933 2807 1092 2873 aviditate
1107 2807 1287 2895 cupiditate

141 2911 296 2997 cupidine
319 2911 367 2976 ira
389 2913 463 2976 odio
478 2913 704 2997 indignatione
727 2905 837 2976 labore
854 2932 911 2997 spe
926 2919 1016 2974 metu
1031 2921 1155 2976 terrore
1170 2910 1286 2975 taedio.

140 3013 239 3076 Dazu
260 3011 414 3076 hominen
436 3012 489 3077 die
512 3036 577 3078 von
598 3011 949 3098 ihm'hinaugefiigten
971 3010 1094 3078 Stellen
1104 3013 1175 3076 mit
1195 3035 1286 3098 pas·

141 3107 364 3178 sivischem'
380 3114 543 3197 Verbum,
566 3115 628 3179 wie
651 3138 680 3178 a.
703 3114 740 3178 B.
763 3115 799 3198 2,
825 3117 860 3177 11
892 3117 953 3179 hoc
980 3122 1106 3178 tantum
1134 3114 1286 3178 licentiae

141 3213 291 3279 Etruscis
320 3236 385 3279 non
410 3226 501 3289 ¹metu
529 3215 633 3301 magis
662 3237 759 3302 quam
787 3215 922 3280 consilio
951 3236 1149 3280 conoessum.
1184 3215 1221 3292 2,
1243 3215 1285 3279 55

137 3315 260 3403 quibus
287 3315 336 3379 ira
364 3324 492 3402 patrum
520 3318 676 3381 adversus
704 3319 919 3381 temeritatem
947 3315 1051 3402 plebis
1075 3318 1194 3380 certari
1220 3338 1284 3380 non
1381 3387 1382 3390 Ἴ
1420 3346 1424 3354 ·

141 3417 273 3498 placuit.
317 3417 484 3499 Anderes,
514 3439 580 3482 was
611 3439 645 3480 er
672 3416 821 3500 anfiihrt,
849 3416 963 3502 gehdrt
989 3418 1068 3482 aber
1094 3441 1168 3481 zum
1190 3417 1286 3482 Theil

140 3518 232 3583 nicht
254 3518 402 3602 hierher‚
430 3519 493 3583 wie
514 3519 550 3600 2,
577 3520 613 3582 11
642 3518 811 3583 alacritate
838 3519 974 3605 perfecti
1002 3519 1108 3605 operis
1137 3518 1284 3584 sublatus

141 3617 267 3705 (Ablat.
290 3618 466 3704 instrum).

225 3720 409 3808 Spatere:
449 3722 524 3786 Val.
552 3722 640 3785 Max.
668 3722 710 3805 5,
740 3722 759 3786 6
793 3724 898 3786 extl
934 3720 1119 3786 diffidentia
1151 3720 1285 3786 humani

140 3822 268 3888 auxilii.
300 3824 395 3904 8,15,
415 3823 454 3886 12
476 3823 601 3886 cunctis
626 3824 776 3888 castitate
799 3820 947 3908 praelata
969 3832 1026 3887 est.
1046 3860 1083 3870 —
1099 3822 1283 3888 Besonders

139 3923 265 3988 beliebt
286 3924 340 3988 bei
355 3923 540 4001 Tacitus,
564 3945 623 3990 aus
639 3923 794 3990 walchem
810 3924 897 3990 Roth
913 3946 988 3988 zum
1003 3923 1159 4008 Agricola
1174 3925 1205 3988 S.
1224 3926 1282 3989 171

139 4024 325 4110 Fulgendes
342 4023 489 4089 aufiihrt:
513 4036 612 4107 metu,
635 4026 771 4112 pudore,
787 4026 871 4103 odio,
894 4046 962 4111 spe,
985 4025 1140 4091 iactantia
1162 4023 1282 4108 gloria-

137 4149 212 4213 que,
236 4126 373 4206 incuria,
396 4125 546 4210 tristitia,
569 4127 711 4211 invidia,
734 4127 861 4206 favore,
885 4124 1058 4191 altitudine
1080 4127 1196 4208 animi,
1219 4125 1283 4191 cle·

138 4228 273 4309 mentia,
297 4226 534 4310 benevolentia,
558 4237 745 4315 contemptu
767 4228 964 4309 ambitionis,
988 4226 1154 4308 violentia,
1183 4229 1283 4313 impa-

137 4330 255 4394 tientia
276 4328 406 4410 amoris,
429 4329 592 4414 spoliandi
615 4329 784 4416 cupidine,
807 4330 916 4394 furora
939 4339 971 4394 et
992 4328 1100 4411 rabie,
1124 4329 1282 4394 detrecta-

138 4433 226 4496 tione
240 4439 298 4497 aut
312 4429 488 4496 formidine
506 4429 731 4518 periculorum,
753 4429 899 4517 perfidia,
915 4431 1048 4502 virtute.
1063 4429 1170 4494 -Im
1186 4430 1280 4518 Spat-
