2850 5002
549 368 591 380 -
634 333 781 398 295-

124 486 237 554 ishomo
257 496 308 555 est
323 524 364 537 -
379 496 417 553 ut
438 488 500 555 hee
523 487 612 552 erodi
635 489 750 575 possit,
774 511 849 552 eum
865 487 987 552 bellum
1004 487 1124 574 popule
1139 489 1232 554 Rom.

127 586 205 655 lucere
226 590 391 657 voluisse?
427 598 478 671 ut,
508 588 600 654 euius
629 599 724 675 pater
751 626 793 637 -
821 589 980 674 singulari
1010 591 1173 655 exstiterit
1200 591 1234 654 in

128 710 200 781 remp.
217 704 361 758 nostram
383 690 493 756 officio
516 689 646 772 attide,
669 692 696 755 is
713 691 776 756 sibi
799 691 961 756 nefarium
984 691 1106 756 bellum
1121 701 1234 757 eontra

126 795 228 879 patriam
247 792 492 881 suscipiendum
501 792 659 876 patierat?
682 794 737 877 (st.
761 794 895 879 putarit,
918 816 1032 879 wegen
1054 793 1162 860 faeere
1177 817 1232 860 vo·
1332 799 1335 803 ’

125 890 230 981 luisse».
266 893 534 961 Anakoluthiseh
562 893 650 959 steht
679 896 732 959 ein
760 894 955 980 Felgesatz‚
986 918 1037 960 wo
1060 897 1113 961 ein
1133 917 1234 960 neuer

123 994 271 1085 llruptsata
294 997 403 1083 fulgen
431 995 540 1062 sollte:
578 995 676 1061 Tuse.
700 995 730 1076 2,
753 996 784 1077 2,
806 998 828 1061 5
848 1005 946 1082 atque
976 1005 1140 1062 oratorum
1162 1000 1232 1085 qui-
1321 1070 1326 1077 ,

120 1096 174 1165 dm
189 1097 255 1164 laus
277 1098 327 1163 it‘a
348 1097 448 1165 dueta
469 1098 511 1163 ab
534 1096 648 1161 humili
671 1098 762 1161 venit
784 1097 826 1161 ad
850 1120 1021 1181 summum,
1045 1101 1170 1166 utiam
1192 1138 1233 1149 -

120 1211 237 1267 uuest
269 1199 428 1288 brevique
459 1208 607 1285 tempore
639 1198 681 1263 ad
722 1191 860 1264 nihilum
893 1209 1034 1265 ventura
1071 1202 1233 1281 videa-tur,

120 1300 293 1390 philosophia
313 1307 466 1369 nuscetur
487 1301 614 1366 Latinis
641 1299 772 1387 quidem
801 1300 920 1368 litteris
943 1340 984 1349 -
1011 1324 1146 1390 eamque
1174 1326 1232 1368 nus

120 1404 277 1471 rdiuvemus
300 1412 359 1469 ett.
382 1403 465 1469 Hier
486 1412 574 1469 ware
595 1402 775 1487 allerdings
797 1401 857 1468 das
881 1425 945 1469 von
961 1403 1101 1491 Bentley
1117 1426 1231 1489 vorge-

120 1502 258 1593 rthlagene
272 1506 416 1571 nascitur
431 1503 622 1590 regelreeht‚
645 1505 725 1570 aber
746 1504 800 1569 die
822 1505 1008 1571 Attraetion
1031 1504 1089 1571 des
1113 1506 1232 1571 Medus

120 1604 149 1673 ist
162 1607 299 1674 deutlich
322 1630 364 1671 zu
388 1606 568 1672 erkennen.

175 1732 204 1794 g.
226 1707 495 1775 Gausalsatze
522 1708 582 1774 mit
603 1710 755 1791 attentum
778 1708 845 1772 und
867 1710 965 1792 qztoct:
1001 1708 1099 1773 Tuse.
1127 1711 1154 1789 1,
1178 1709 1231 1792 21,

120 1808 256 1897 illeque
279 1810 420 1895 intelligi
442 1818 567 1896 potest,
590 1831 687 1896 quam
712 1811 800 1875 acuti
829 1820 945 1874 natura
973 1811 1056 1895 sint,
1078 1810 1232 1896 quoniam

120 1932 172 1977 haee
191 1912 258 1977 sine
281 1911 431 1977 doctrina
452 1911 608 1977 credituri
630 1912 753 1976 fuerint
776 1912 841 1997 (wo
858 1913 938 1976 aber
952 1913 1035 1977 aueh
1052 1912 1110 1976 der
1125 1912 1231 1978 indie.

120 2008 445 2081 luerunt'hndsehrftl.
473 2014 542 2097 ist).
572 2016 601 2097 1,
630 2014 680 2094 19,
704 2013 747 2077 44
778 2015 865 2100 quod
888 2015 928 2079 iis
950 2013 1148 2079 aemulemur
1176 2023 1234 2080 ett.

120 2110 170 2182 hm.
187 2117 216 2200 4,
240 2117 272 2199 7,
297 2119 314 2179 l
342 2138 408 2181 non
435 2115 514 2202 quin
536 2114 579 2179 ab
607 2137 645 2179 ee
667 2116 737 2201 ipse
767 2115 975 2198 dissentiam,
1004 2117 1063 2180 sed
1085 2115 1171 2202 quod
1194 2137 1231 2179 ea

120 2219 301 2305 supientia
323 2240 395 2283 esse
417 2216 569 2283 iudicem.
591 2226 673 2282 urat.
703 2219 733 2299 l,
756 2218 797 2283 23
829 2217 882 2282 vel
910 2227 946 2282 ut
973 2218 1123 2283 hortarer
1149 2217 1230 2283 alios

120 2314 248 2407 helquod
271 2340 417 2384 amarem
438 2340 537 2389 meos.

176 2422 204 2488 h.
226 2420 321 2487 Naeh
341 2423 406 2488 siue
428 2420 496 2486 und
517 2422 562 2486 si:
599 2421 696 2485 Tisse.
726 2422 757 2507 3,
781 2420 812 2503 6,
838 2421 877 2485 12
903 2444 944 2486 ne
976 2431 1130 2507 aegrotus
1153 2423 1230 2505 sim3

120 2519 239 2611 inquid
260 2524 370 2605 fuerit,
394 2546 509 2588 sensus
531 2522 634 2604 adsit,
659 2523 729 2588 sive
752 2533 879 2589 secetur
907 2523 988 2609 quid
1017 2525 1088 2590 sive
1110 2524 1232 2590 avella-

120 2628 185 2691 lera
203 2647 351 2713 corpore.
383 2624 456 2697 Der
478 2623 749 2690 anakoluthisehe
765 2624 1052 2710 Bedingnngssatz
1075 2627 1109 2689 in
1131 2627 1229 2707 5,11‚

120 2718 207 2793 lised
228 2729 257 2794 si
278 2729 326 2791 ita
348 2731 437 2809 esset,
467 2736 537 2791 tum
561 2737 597 2791 ut
626 2737 681 2792 ett.
705 2725 799 2792 sollte
822 2726 1005 2812 regelreeht
1028 2749 1062 2791 su
1085 2726 1231 2811 gehildet

120 2826 173 2895 ain:
192 2829 260 2911 sed,
284 2830 313 2893 si
334 2850 451 2892 verum
471 2830 526 2907 sit,
550 2836 620 2893 tum
641 2830 824 2893 necessario
852 2829 922 2892 fieri
953 2829 1026 2894 dieo
1048 2839 1085 2894 ut
1106 2830 1167 2894 hoe
1190 2866 1229 2876 —

120 2940 196 3009 leuat
237 2930 316 3016 Vgl.
339 2930 484 2995 Peters
506 2930 542 2993 in
564 2928 639 2995 dem
662 2929 744 2994 oben
767 2940 951 3014 genannten
974 2934 1089 3015 Progr.
1121 2929 1155 2995 S.
1181 2931 1229 3000 12.

172 3032 241 3097 Aus
262 3030 351 3096 allen
373 3031 487 3097 diesen
501 3030 636 3115 Stellen,
660 3033 713 3096 die
728 3033 803 3096 sehr
826 3031 1005 3096 vereinzelt
1028 3031 1230 3113 erseheinen,

120 3148 178 3197 tarn
196 3135 277 3199 aber
300 3132 461 3199 durehaus
483 3132 581 3198 keine
603 3133 796 3219 allgemeine
818 3134 921 3219 Regel
952 3133 1129 3219 abgeleitet
1152 3156 1229 3197 wer-

120 3226 164 3317 ltn,
182 3258 243 3301 nur
265 3236 322 3301 die
349 3245 445 3301 unter
472 3235 532 3300 Nr.
563 3238 578 3299 l
608 3236 825 3321 angeliihrten
853 3237 1051 3322 Fragestttze
1063 3284 1073 3317 ‚
1107 3235 1230 3301 welche

120 3350 159 3401 ter
176 3337 295 3403 Sttzen
329 3337 388 3402 der
421 3336 559 3403 irrealen
592 3337 791 3423 Bedingung
818 3338 1007 3422 abhsngen,
1047 3337 1121 3401 sind
1149 3346 1228 3402 stets

120 3430 165 3501 len
187 3437 402 3525 regiarenden
429 3438 528 3505 Setae
553 3439 723 3525 homogen.
773 3440 812 3504 In
841 3439 904 3504 den
932 3440 1073 3525 ubrigen
1102 3439 1229 3506 Neben-

120 3540 198 3605 tinen
218 3540 330 3607 finden
352 3540 423 3605 sieh
451 3539 634 3605 zahlreiehe
656 3541 942 3626 Abweiehungen,
973 3543 1034 3606 wie
1056 3541 1170 3608 Petere
1194 3541 1226 3607 S.

120 3632 212 3709 13-15
232 3643 482 3728 naehgewiesen
504 3644 571 3709 hat.

176 3746 202 3824 ὅ.
224 3744 302 3821 152„
340 3745 499 3811 Einzelne
527 3744 861 3829 Abweiehungen
896 3768 974 3810 vnn
1009 3746 1078 3810 der
1104 3745 1227 3831 regel-

120 3846 286 3931 uissigen
317 3846 620 3934 Tempusfolge‚
656 3847 709 3931 die
737 3847 821 3911 noeh
855 3870 896 3911 zu
931 3847 1106 3912 erwahnen
1141 3846 1227 3930 sind,

120 3932 202 4009 lmen
221 3948 290 4013 sich
310 3951 426 4014 immer
448 3948 508 4012 auf
527 3947 672 4034 logisehe
694 3948 831 4014 Grunde
853 3947 1107 4013 arrriiekfiihren.

182 4048 205 4111 1.
241 4050 314 4115 Auf
333 4053 387 4115 ein
408 4050 607 4115 Praesens
636 4049 721 4135 folgt
750 4049 808 4113 der
836 4051 1037 4137 (Jonjunetiv
1066 4049 1123 4112 des
1155 4048 1227 4112 Im·

124 4145 283 4237 leneus,
316 4153 457 4218 seltener
490 4153 548 4217 des
576 4153 996 4239 Plusquamperfeets:
1035 4150 1102 4216 Oie.
1131 4151 1225 4214 Rosa.

124 4236 176 4309 dm.
191 4248 226 4313 33
243 4254 340 4321 video
362 4254 464 4338 igitur
486 4276 601 4319 causas
625 4276 697 4319 esse
718 4253 918 4340 permultas,
941 4273 1024 4336 quae
1046 4253 1145 4316 istum
1168 4252 1226 4315 im-

123 4336 252 4421 afluent,
280 4356 362 4421 Hier
384 4356 429 4421 ist
450 4357 642 4440 tumuerat
662 4356 854 4421 Petentialis
878 4356 936 4420 der
958 4354 1227 4439 Vergangenheit

122 4432 296 4524 lantreibon
316 4458 479 4540 moehten,
502 4458 700 4543 konnten“),
723 4458 815 4523 nieht
837 4456 984 4523 dadureh
1006 4479 1048 4521 zu
1063 4454 1226 4541 erklttren,
