2850 5002
599 354 826 418 -236-

141 514 215 569 rant
238 507 336 570 castis
360 506 492 570 inimica
514 505 640 592 puellis.
665 507 695 588 2,
718 507 769 590 29,
794 507 811 569 7
835 505 893 570 55(1
915 504 995 569 nudi
1018 503 1157 569 fuerant.
1179 507 1227 588 3,l

145 609 181 670 11
206 607 344 671 forsitan
367 607 446 671 haec
468 606 533 672 illis
557 608 686 672 fuerant
707 607 861 672 mandata
883 606 1022 674 tabellis.

226 713 256 790 ἓ.
288 710 357 773 131.
401 709 484 773 Vom
513 709 789 774 historischen
816 709 981 773 Perfect
1009 709 1052 771 irn
1081 707 1227 794 Hauptsat

142 810 244 893 h‘angt
266 814 316 872 ein
345 798 531 874 Nebensatz
560 811 618 893 ab,
648 809 766 875 dessen
788 809 878 874 Verb
906 812 949 874 im
974 809 1169 897 Conjunctiv
1189 810 1227 873 eir

109 909 439 996 ‘Haupttcmpus
462 912 563 994 steht,
593 913 677 975 ohne
705 911 779 975 dass
804 911 856 974 die
883 911 1156 996 Reprasentation
1176 912 1227 974 in]

142 1011 284 1076 directer
306 1012 407 1094 Reda,
431 1012 553 1096 welche
575 1014 608 1076 in
632 1016 661 1094 ξ.
688 1013 791 1076 125Β
815 1010 991 1076 behandelt
1012 1013 1066 1094 ist,
1090 1012 1226 1076 stattfind

141 1102 224 1176 Hier
246 1113 321 1176 sind
344 1114 513 1178 aunachst.
713 1188 715 1191 ¹

226 1214 259 1296 a)
282 1214 470 1300 diejenigen
493 1214 616 1281 Stellen
638 1214 909 1296 auszuscheiden,
939 1216 973 1278 in
997 1214 1103 1279 denen
1125 1217 1181 1280 das
1203 1217 1225 1280 P

140 1314 207 1378 fect
230 1315 286 1383 des
309 1315 528 1397 Hauptsatzcs
551 1340 608 1381 zur
623 1315 1016 1400 Praesensbedeutnng
1030 1316 1187 1401 hinneigt,
1207 1316 1227 1380 a}

142 1416 187 1478 im
209 1415 345 1480 Grunde
368 1417 454 1482 Perf.
478 1416 618 1503 logicum
642 1419 699 1482 ist:
725 1417 794 1482 Cio.
812 1418 875 1500 leg.
901 1439 968 1500 agr.
991 1417 1022 1498 2,
1038 1417 1091 1500 29,
1108 1419 1149 1482 80
1168 1441 1227 1482 an<

142 1513 192 1579 liti
216 1518 310 1600 estis,
340 1517 454 1584 Italico
479 1518 579 1602 bello,
602 1520 731 1583 amissis
755 1518 870 1583 ceteris
893 1516 1120 1602 vectigalibus,
1144 1539 1227 1605 quant

140 1618 212 1700 agri
239 1616 398 1703 Campani
431 1620 592 1685 fructibus
626 1622 787 1684 exercitus
815 1618 987 1684 alueritis‘?
1023 1643 1055 1683 n.
1084 1603 1117 1683 (1.
1144 1619 1173 1702 2,
1203 1622 1226 1702 1,

80 1798 82 1804 J
140 1740 181 1782 an
224 1719 344 1786 oblitus
389 1742 441 1802 55,
486 1722 565 1808 quid
608 1722 702 1786 initio
746 1720 908 1785 dixerim?
953 1744 986 1804 p.
1009 1718 1118 1785 .Tull.
1165 1724 1191 1801 ξ.

141 1822 304 1905 quoniam,
339 1821 426 1908 quod
460 1823 617 1886 iudicium
651 1833 683 1886 et
712 1844 775 1908 quo
811 1820 946 1885 consilio
981 1823 1191 1886 constitutum
1221 1844 1227 1884 r

140 1924 314 2006 cognostis,
343 1947 373 2008 p.
404 1923 533 1990 Cluent.
564 1924 594 2003 6,
627 1924 663 1986 17
691 1924 821 1986 initium
849 1923 935 2008 quod
969 1922 1045 1986 huic
1073 1943 1146 1986 cum
1177 1944 1227 1986 ma

141 2023 238 2088 luerit
260 2022 451 2106 simultatis,
475 2023 621 2088 audistis.
645 2048 675 2110 p.
698 2022 768 2087 Mil.
795 2025 842 2103 13,
865 2025 907 2088 34
935 2024 1172 2105 demonstravi,
1194 2025 1223 2088 iu

140 2146 202 2205 ces,
227 2135 384 2209 quantum
407 2124 516 2192 Clodii
538 2125 724 2190 interfuerit
746 2125 851 2190 occidi
872 2124 1029 2191 Milonem
1059 2125 1133 2208 (mit
1153 2125 1227 2210 Ergi

141 2248 227 2310 zung
256 2227 346 2289 einer
373 2225 580 2310 Textlticke).
610 2227 688 2290 farn.
721 2228 768 2307 11,
792 2227 844 2308 27,
876 2228 890 2289 1
922 2225 1065 2290 nondum
1094 2228 1174 2292 satis
1201 2248 1227 2291 cr

140 2327 241 2407 stitui,
265 2325 475 2392 molestiaene
498 2326 569 2414 plus
598 2350 640 2390 an
669 2326 847 2413 voluptatis
874 2326 1022 2392 attulerit
1049 2327 1130 2390 mihi
1158 2327 1227 2392 Trel

139 2429 203 2491 tius
226 2438 346 2492 noster.
373 2429 535 2512 15,11‚1
565 2437 705 2516 quantae
727 2450 824 2491 curae
845 2429 906 2495 tibi
934 2451 1025 2493 meus
1054 2428 1155 2493 honos
1181 2429 1227 2494 fur

140 2537 172 2591 et
194 2550 288 2615 quam
312 2527 399 2591 idem
428 2530 593 2594 exstiteris
620 2527 732 2594 consul
760 2530 794 2593 in
823 2552 873 2594 me
903 2529 1048 2594 ornando
1076 2569 1110 2576 -
1138 2531 1198 2594 etsi

139 2631 212 2716 ipsa
234 2628 438 2716 loquebatur,
462 2632 600 2715 cognovi
612 2641 730 2694 xtamen
753 2653 795 2694 ex
816 2652 961 2696 meorum
983 2632 1128 2696 omnium
1149 2630 1227 2696 litte]

143 2768 177 2777 -
202 2731 301 2795 Dann
324 2732 384 2795 mit
405 2730 805 2823 folgendem,Oonjunctiv
829 2733 885 2796 des
909 2732 1125 2816 Praesens,
1148 2750 1227 2798 wo«

138 2830 248 2896 Inhalt
269 2831 561 2898 desNebensatzes
584 2833 636 2898 fiir
659 2833 713 2896 die
728 2832 926 2918 Gegenwart
948 2832 1022 2918 gilt:
1046 2833 1101 2898 fin.
1124 2834 1217 2918 3,14,

138 2936 244 3020 ipsum
268 2934 396 3015 bonum,
420 2935 506 3020 quod
528 2936 563 2998 in
585 2956 622 3000 eo
646 2936 788 3020 positum
811 2945 860 2998 est
883 2943 918 2998 ut
933 2943 1068 2999 naturae
1084 2937 1227 3000 consenti

140 3037 207 3099 Att.
234 3037 283 3116 16,
310 3036 348 3099 16
372 3035 399 3097 Β
422 3039 451 3116 ἓ.
476 3036 495 3099 8
518 3038 552 3099 in
575 3045 607 3099 te
630 3037 771 3123 positum
800 3045 907 3100 estut
933 3044 1063 3099 nostrae
1086 3034 1227 3101 sollicitu

138 3137 188 3199 nis
211 3137 309 3200 finem
336 3158 432 3222 quam
463 3138 602 3222 primum
633 3137 742 3202 facere
772 3138 940 3223 possimus.
969 3137 1024 3199 fin.
1052 3137 1083 3217 3,
1106 3137 1158 3219 20,
1180 3138 1221 3201 60

137 3236 240 3301 tauris
264 3247 379 3314 natura
401 3234 513 3302 datum
536 3248 641 3303 estut
664 3261 722 3324 pro
745 3237 858 3302 vitulis
881 3277 921 3286 -
944 3238 1153 3302 contendant.

222 3338 257 3423 b)
283 3338 346 3403 Wo
370 3339 428 3402 das
452 3338 649 3424 Hauptverb
677 3339 746 3402 sich
764 3338 887 3402 'nicht
914 3339 973 3402 der
1000 3338 1220 3404 Praesensbed

64 3512 67 3518 Ι
141 3447 222 3523 tung
245 3439 376 3521 nahert,
405 3430 553 3504 ist'doch
581 3463 622 3503 zu
645 3440 830 3522 erkennen,
860 3438 936 3502 dass
964 3439 1227 3505 (15185111111515,1

138 3539 200 3603 den
228 3539 339 3603 Inlralt
367 3539 425 3605 des
453 3541 677 3606 Nebensatzes
706 3564 782 3607 vom
810 3539 1036 3626 Standpnncte
1063 3539 1124 3605 der
1151 3541 1227 3627 Geg·

137 3652 219 3704 wart
241 3663 299 3704 aus
322 3639 499 3706 beurtheilt
522 3643 600 3706 oder
627 3642 822 3707 benachtet.
867 3643 1034 3706 Zunttchst
1056 3641 1206 3723 Perfecto

137 3741 353 3829 Conjunctiv:
378 3743 470 3808 Verr.
494 3743 540 3825 II,
566 3745 595 3825 1,
618 3743 670 3825 31,
694 3744 736 3807 80
763 3764 845 3828 quae
873 3744 937 3807 suit
957 3744 1059 3826 igitur
1081 3766 1191 3824 causa,
1217 3768 1227 3798 ⁴

136 3853 252 3908 cuncta
274 3844 391 3906 civitas
407 3843 702 3931 Lampsacenorum
720 3843 760 3906 (15
777 3844 938 3927 contione,
962 3842 1057 3930 quem
1081 3844 1124 3909 ad
1146 3843 1227 3909 mod

136 3953 205 4008 tute
234 3944 365 4025 scribis,
395 3944 526 4008 domum
554 3955 642 4008 tuam
672 3946 894 4010 concurrerit?
923 3946 997 4028 (mit
1024 3944 1203 4010 Varianten

136 4044 337 4131 Imperfect.)
361 4046 391 4126 4,
415 4046 457 4110 52
479 4067 572 4109 nemo
595 4046 664 4109 fere
686 4055 830 4112 vestrum
854 4055 904 4109 est
925 4048 1015 4131 quin,
1039 4067 1135 4131 quem
1154 4047 1227 4111 adt

135 4146 213 4211 dum
240 4156 354 4233 captae
382 4147 496 4233 sinta
523 4145 568 4209 M.
592 4146 747 4213 Marcello
770 4148 970 4233 Syracusae,
999 4168 1097 4234 saepe
1124 4147 1227 4212 audie:

136 4247 246 4329 (Sinnz
269 4269 363 4312 nemo
386 4255 530 4311 vestrum
553 4250 666 4331 nescit,
690 4247 873 4335 quemadm.
898 4250 970 4333 ott.)
993 4273 1026 4335 p.
1050 4249 1145 4315 domo
1166 4250 1215 4330 25,

136 4371 216 4435 quas
239 4349 302 4412 iste
324 4357 392 4411 tum
419 4349 536 4414 caedes
562 4388 598 4396 -
623 4350 755 4430 fecerit,
784 4371 882 4434 quam
909 4348 1007 4414 facile
1032 4387 1071 4398 -
1095 4350 1158 4416 Gn.
1181 4350 1227 4415 Po

135 4451 243 4535 poium
267 4439 336 4513 loro
359 4451 513 4538 curiaque
535 4451 674 4537 privarit
696 4450 892 4537 domumque
915 4451 1109 4535 coniecerit,
1131 4451 1227 4518 vidiat
