2850 5002
596 334 828 404 -481-

141 493 227 556 mari
248 490 485 586 alleinstelrend
508 492 561 556 bei
583 492 650 557 Cic.
675 492 707 555 in
731 492 796 556 Pis.
822 491 861 555 19
882 492 981 579 periit
1002 492 1035 555 in
1059 493 1151 555 mari.
1181 489 1235 555 fin.
1250 490 1282 571 5,

138 594 192 678 30,
215 593 257 658 92
278 592 422 676 anulum,
445 616 508 679 quo
531 594 770 672 delectabatur,
800 594 834 655 in
861 595 944 657 mari
971 595 1146 658 abiecerat.
1193 591 1280 676 (Vgl.

141 693 290 760 daselbst
310 695 473 779 Madvig.)
510 693 598 760 Flor.
628 695 659 778 2,
688 695 719 775 2,
748 695 790 758 34
816 717 875 758 neo
902 697 1003 758 maior
1031 695 1111 759 alias
1139 696 1173 758 in
1200 695 1281 757 mari

139 817 261 881 pugna.
306 799 334 877 ξ.
356 797 396 861 37
421 819 494 862 oum
517 798 581 860 iam
603 796 635 860 in
660 797 743 859 mari
765 804 852 860 esset
873 795 981 861 deleta
1001 795 1174 879 Carthago.
1204 795 1235 878 3,
1251 797 1281 875 5,

141 897 180 960 18
202 919 265 961 666
287 896 413 963 felicior
435 899 469 962 in
491 899 573 962 mari
595 920 693 984 quarn
716 907 803 962 terra
825 897 905 982 fuga
920 897 1013 982 (aber
1028 897 1134 980 gleich
1150 897 1280 961 darauf:

138 998 276 1063 Pontico
298 1000 405 1083 mari.)
450 1003 480 1079 ξ.
502 999 543 1063 28
558 1000 631 1080 1161,
655 1009 820 1085 tamquam
843 1001 876 1064 in
898 1000 991 1079 mari,
1015 997 1117 1063 stellis
1140 1008 1281 1063 6666166.

135 1136 179 1146 -
201 1100 278 1162 Den
298 1099 576 1165 alleinstelrenden
600 1099 736 1166 Ablativ
764 1105 850 1166 torro
872 1100 929 1167 hat
950 1101 1064 1166 Livius
1086 1102 1131 1163 im
1153 1101 1280 1184 Gegen-

136 1210 209 1265 sata
240 1225 282 1265 zu
308 1203 405 1267 classe
430 1202 488 1284 22,
514 1202 566 1284 193
597 1224 637 1264 zu
664 1203 798 1267 6661066
818 1203 871 1286 23,
894 1203 935 1266 26
958 1202 1024 1265 und
1047 1201 1130 1266 ohne
1153 1200 1280 1286 068611-

136 1312 224 1367 sata:
255 1303 304 1381 23,
328 1304 378 1367 40.
410 1304 462 1386 24,
486 1304 537 1367 40.
567 1303 619 1386 28,
643 1303 673 1367 8.
704 1304 755 1384 30,
777 1305 828 1370 21.
864 1305 915 1382 36,
937 1305 990 1366 41.
1020 1304 1072 1387 37,
1095 1302 1124 1370 9.
1153 1303 1204 1381 39,
1227 1303 1279 1367 28.

223 1403 257 1468 b.
287 1404 510 1483 1666676616,
539 1416 678 1470 61616166
706 1407 740 1468 in
770 1406 829 1469 der
850 1405 964 1489 Regel‚
994 1403 1143 1470 letzteres
1166 1406 1280 1467 immer

135 1505 198 1569 mit
227 1507 332 1569 einem
359 1505 517 1570 Attribut.
562 1505 639 1570 016.
669 1505 745 1570 fam.
774 1508 809 1589 7,
843 1507 901 1590 20,
929 1507 949 1568 2
978 1516 1116 1585 1616616,
1144 1504 1278 1587 salubri,

135 1628 273 1672 amoeno
302 1606 381 1671 loco.
420 1608 469 1686 15,
490 1606 520 1687 4,
545 1608 585 1671 10
613 1607 699 1693 quod
726 1629 799 1671 oum
828 1617 913 1671 66661
940 1606 1098 1672 6111661616
1122 1609 1278 1671 61166111-

135 1709 265 1773 tissimo
299 1708 379 1772 loeo.
434 1693 527 1774 Brut.
560 1709 602 1772 32
635 1710 739 1798 oratio
779 1707 913 1794 puerilis
951 1718 999 1773 est
1038 1707 1147 1771 multis
1189 1708 1277 1772 locis.

133 1809 229 1875 Aber
258 1809 342 1873 auch
371 1811 431 1874 mit
460 1811 517 1873 der
539 1809 674 1897 Prapos.
697 1813 749 1891 ia,
779 1810 833 1873 die
862 1808 1020 1875 Sallust
1047 1820 1148 1890 setzt,
1183 1832 1278 1873 wenn

134 1911 220 1975 locus
253 1933 320 1976 von
352 1913 456 1975 einem
489 1910 638 1993 Relativ,
672 1911 933 1991 Demonstrativ‚
967 1913 1050 1976 idem
1083 1910 1162 1975 oder
1194 1912 1278 1975 67166

134 2012 293 2097 begleitet
323 2015 377 2078 ist.
430 2013 494 2078 Mit
527 2012 600 2076 dem
634 2012 778 2077 Genetiv
811 2012 935 2078 sowolrl
969 2014 1032 2078 loco
1064 2012 1112 2075 als
1147 2015 1183 2076 in
1214 2013 1277 2076 loco

136 2114 216 2200 („an
245 2114 304 2178 der
325 2113 425 2179 stelle
455 2135 518 2179 von
546 2125 663 2196 etwas,
692 2113 752 2178 als
782 2115 920 2200 etwas“)
951 2113 1019 2178 Oic.
1049 2115 1144 2178 Verr.
1172 2114 1209 2195 3,
1237 2113 1278 2176 48

135 2215 197 2280 1166
225 2217 260 2279 16
288 2216 438 2280 beneficii
465 2216 535 2280 1666
564 2217 701 2303 petitum
729 2225 787 2280 est.
817 2225 892 2301 post
919 2217 987 2278 red.
1016 2216 1050 2278 in
1078 2236 1145 2279 sen.
1176 2215 1214 2276 14
1244 2215 1277 2276 16

135 2316 196 2381 filii
224 2317 295 2382 loco
324 2319 456 2402 l'uisset3
483 2339 569 2382 nunc
595 2327 682 2382 certe
711 2319 772 2381 erit
799 2318 833 2379 in
861 2319 1014 2402 parentis.
1049 2316 1125 2381 fam.
1154 2316 1182 2395 7,
1204 2316 1235 2397 3,
1258 2317 1277 2379 6

135 2420 283 2482 6111611116
306 2418 377 2484 1666
398 2429 514 2504 putent
536 2441 617 2484 esse.
649 2418 726 2484 Sall.
747 2419 825 2503 Jug.
850 2420 933 2500 14,1
958 2441 1015 2484 vos
1039 2417 1185 2481 affinium
1208 2415 1277 2480 loco

136 2519 298 2584 ducerem.
330 2520 480 2586 Tacitus:
503 2522 645 2585 numinis
668 2520 748 2599 loco,
770 2521 913 2605 prodigii
935 2519 1017 2584 loco.
1061 2517 1137 2602 Vgl.
1160 2522 1189 2600 ἕ.
1208 2518 1277 2587 170.

135 2622 299 2686 Bedeutet
327 2623 410 2687 locas
437 2624 500 2686 den
527 2621 692 2702 Zustand,
728 2623 762 2685 in
790 2621 945 2687 welchem
972 2619 1042 2685 sich
1071 2630 1170 2684 etwas
1200 2620 1279 2683 oder

132 2724 269 2808 jemand
297 2723 456 2805 befindet,
490 2747 525 2789 so
553 2727 598 2789 ist
624 2724 676 2787 061
706 2724 904 2787 Klassikern
932 2720 1141 2787 sowohl·der
1170 2720 1277 2785 blosse

136 2824 212 2889 Abl.
234 2824 282 2888 als
302 2826 384 2888 auch
399 2827 434 2889 o'a
449 2824 697 2910 gebrauchlioh:
722 2825 863 2889 Cicero
887 2825 942 2888 hat
964 2846 1025 2887 nur
1045 2823 1107 2887 den
1124 2820 1274 2889 Ablativ:

135 2925 213 2990 fam.
235 2926 268 3009 4,
290 2926 322 3010 4,
343 2926 364 2989 4
386 2927 413 2990 16
437 2926 532 3009 enim,
562 2928 592 2991 si
614 2950 651 2992 66
673 2926 742 2990 1666
766 2934 869 3006 66661,
898 2924 1034 3010 negavit
1056 2946 1091 2988 66
1114 2923 1276 2988 facturum

135 3027 249 3091 fuisse.
284 3027 362 3091 fam.
392 3029 422 3108 7,
444 3027 519 3109 3,5
547 3049 613 3092 non
640 3028 895 3093 incommodiore
923 3027 1004 3090 loco.
1041 3025 1154 3089 ans.
1184 3027 1215 3090 b.
1244 3049 1275 3109 g.

135 3129 165 3204 2,
188 3129 231 3193 20
253 3152 317 3214 quo
339 3129 465 3194 161666
488 3150 539 3193 res
563 3139 657 3194 66661.
694 3128 851 3193 Sallust
878 3128 912 3191 in
941 3127 1064 3191 diesem
1087 3128 1186 3191 Sinne
1213 3150 1276 3192 nur

136 3229 309 3312 0611158,
331 3231 352 3295 5
374 3253 437 3316 quo
459 3229 529 3296 1666
555 3230 605 3312 (al.
627 3233 663 3295 16
686 3230 770 3316 1666)
794 3253 846 3294 166
868 3239 998 3294 nostrae
1020 3231 1095 3294 sint.

219 3331 372 3397 11061166
395 3331 618 3397 schwankend
646 3333 698 3398 bei
722 3333 880 3397 Livius:
910 3332 940 3413 2,
968 3332 1009 3395 47
1039 3354 1101 3417 quo
1131 3331 1201 3396 loco
1224 3353 1274 3396 res

134 3443 254 3499 essent.
286 3436 316 3517 7,
338 3434 380 3499 35
401 3436 437 3499 in
460 3455 496 3498 eo
520 3433 605 3497 enim
627 3433 696 3498 loco
719 3456 770 3498 res
793 3444 868 3498 sunt
890 3442 1031 3496 nostrae.
1062 3434 1093 3515 3,
1110 3435 1150 3498 68
1160 3435 1275 3521 -peiore

134 3536 214 3600 loeo.
250 3534 344 3600 Auoh
372 3536 405 3598 in
433 3535 644 3620 cigentlicher
673 3534 853 3619 (6111161161)
875 3536 1071 3619 Bedeutung
1094 3544 1178 3599 setzt
1199 3536 1274 3599 Liv.

133 3636 212 3702 bald
229 3635 294 3701 den
308 3635 396 3718 Α111.,
420 3637 645 3720 061111623,
672 3636 829 3721 18616116
853 3636 923 3701 loco
948 3637 1058 3720 positi.
1091 3639 1119 3717 1,
1142 3638 1182 3702 47
1207 3659 1273 3700 om-

133 3737 341 3803 6106616616.
371 3741 401 3818 4,
424 3739 477 3819 20,
502 3741 530 3802 1.
559 3738 676 3819 42,12
704 3739 808 3803 111066
837 3736 924 3801 locis.
961 3738 993 3818 4,
1016 3737 1067 3817 22,
1089 3737 1120 3800 4.
1156 3738 1274 3821 37,14

132 3830 304 3904 16664661
326 3838 407 3904 1666.
436 3840 487 3920 38,
510 3840 530 3903 6
551 3862 616 3904 666
639 3840 674 3903 in
695 3840 717 3903 1.
739 3840 792 3921 35,
815 3839 836 3901 4
859 3839 891 3902 16
915 3860 977 3924 quo
1001 3837 1021 3901 l.
1060 3839 1107 3918 10,
1130 3839 1172 3902 43
1195 3859 1272 3923 quo-

133 3963 261 4027 cunque
284 3942 319 4004 in
341 3940 362 4003 l.
395 3940 443 4024 10,
465 3941 506 4005 36
529 3941 645 4022 1666111,
669 3942 702 4004 16
725 3963 798 4026 quo.

217 4044 306 4125 „Am
334 4041 466 4106 rechten
493 4042 595 4106 0116α
633 4042 725 4125 (oder
752 4064 837 4124 „zur
865 4043 997 4106 rechten
1025 4041 1136 4126 zeite)
1170 4040 1273 4106 heisst

134 4145 299 4209 entweder
319 4163 376 4209 666
398 4145 471 4226 7666,
493 4146 529 4208 in
551 4144 613 4208 loco
635 4144 714 4209 oder
736 4144 816 4208 loco:
844 4144 917 4210 Ter.
941 4143 1004 4206 Ad.
1028 4143 1059 4224 2,
1081 4142 1111 4227 2,
1134 4143 1154 4206 8
1175 4164 1272 4228 pecu·

133 4246 221 4311 niam
243 4247 278 4309 in
300 4244 371 4310 loco
401 4246 574 4328 neglegere
600 4245 779 4310 maximum
807 4245 1004 4308 interdumst
1032 4243 1167 4307 lucrum.
1211 4244 1272 4307 Bei

135 4347 274 4412 Cicero
302 4369 364 4411 nur
392 4348 450 4412 der
477 4347 632 4412 Ablativ:
661 4347 702 4410 de
725 4368 772 4410 or.
794 4347 823 4428 3,
847 4345 887 4410 38
911 4345 1028 4431 quibus
1051 4344 1121 4410 loco
1144 4346 1270 4429 positis.

134 4449 224 4514 Brut.
248 4448 290 4514 79
312 4447 437 4514 nullum
466 4449 630 4533 (verbum)
658 4450 722 4512 nisi
750 4448 821 4513 loco
848 4449 1000 4533 positum.
1036 4457 1116 4513 orat.
1143 4457 1228 4533 part.
1250 4448 1271 4512 3
