2850 5002
591 339 817 404 ..508-

137 490 370 574 extinguantur
392 513 412 554 a
434 501 551 554 natura
573 490 651 554 dati.
685 489 826 554 Parallel
849 488 987 554 stehend
1010 491 1076 555 mit
1084 489 1250 555 Ablativen:

136 592 189 654 off.
216 593 247 669 1,
271 592 328 673 20,
350 592 391 655 68
420 614 484 655 000
513 602 563 656 001
589 603 697 656 autem
726 600 994 671 consentaneum,
1024 591 1080 676 qui
1107 600 1189 654 metu
1205 600 1255 656 nou

136 691 323 776 frangatur,
347 715 419 756 eum
443 692 550 777 frangi
572 693 765 781 cupiditate,
795 714 856 757 nec
878 692 933 779 qui
955 692 1117 757 invictum
1139 714 1171 756 se
1189 715 1205 756 a
1221 691 1253 756 le

137 795 214 858 bore
241 796 455 879 praestiterit,
486 794 573 856 vinci
602 817 622 858 a
649 793 825 880 voluptate.
871 793 936 858 Ein
964 792 1150 858 komischer
1173 793 1255 858 Effert

137 894 262 959 scheint
286 894 505 978 beabsichtigt
526 896 560 957 in
583 896 657 959 dem
680 895 774 958 Brief
793 894 835 958 ad
858 895 936 958 fam.
958 895 989 977 7,
1005 895 1048 958 26
1070 916 1090 957 a
1110 893 1182 958 beta
1200 905 1256 960 eta

137 996 244 1060 malva
267 997 419 1082 deceptus
443 1018 523 1058 sum.
562 995 675 1060 chter
700 998 784 1060 heim
801 996 919 1060 Passiv
942 996 1001 1060 der
1015 995 1137 1077 Verba,
1160 994 1256 1059 welche

138 1096 349 1179 „verlassen“
372 1096 551 1160 bedeuten:
583 1097 649 1161 Cic.
674 1096 755 1160 fam·
768 1098 798 1178 5,
817 1098 847 1179 2,
867 1097 905 1161 10
927 1097 1077 1162 desertus
1100 1094 1142 1161 ab
1163 1096 1257 1161 officiis

138 1201 213 1284 tuis.
251 1198 448 1279 00111113,
477 1198 516 1262 15
537 1220 557 1261 0.
585 1209 691 1263 mente
719 1221 783 1262 non
811 1198 952 1262 deserar.
983 1199 1021 1279 4,
1055 1199 1092 1261 10
1118 1219 1138 1260 a
1164 1198 1257 1262 ceteris

48 1324 51 1334 ¹
138 1299 409 1364 oblectationibus
427 1300 567 1363 deseror.
600 1300 649 1382 16,
670 1301 690 1364 3
712 1301 897 1364 deseremur
920 1301 1030 1385 potius
1053 1320 1073 1362 a
1093 1319 1161 1384 rep.
1182 1320 1258 1384 quan

137 1423 157 1462 a
172 1423 206 1464 re
228 1398 392 1464 familiari.
424 1400 576 1466 Cernis.
592 1403 623 1484 4,
639 1402 658 1464 8
681 1399 855 1466 derelictos
871 1400 912 1465 ab
929 1399 1141 1465 humanitate.
1170 1399 1258 1464 Caes.

139 1503 170 1564 b.
194 1523 224 1584 g.
249 1502 280 1581 3,
308 1502 344 1564 13
366 1501 407 1566 ab
430 1512 523 1566 aestu
551 1502 683 1566 relictae
706 1502 845 1585 (naves).
880 1501 913 1565 b.
937 1523 965 1564 c.
989 1503 1020 1584 3,
1043 1501 1177 1566 64000
1196 1487 1259 1563 -ssa

139 1602 264 1667 viribus
288 1600 489 1666 deficeretur.
515 1640 551 1650 -
579 1606 609 1668 b.
632 1625 664 1687 g.
687 1603 717 1680 3,
735 1603 777 1666 26
799 1603 932 1666 intritae
955 1602 996 1667 ab
1018 1600 1141 1668 labore.
1162 1600 1259 1663 -Li-

140 1706 232 1767 vius
255 1713 329 1787 sagt
351 1725 439 1767 zuar
468 1705 501 1767 in
524 1705 582 1767 der
604 1703 722 1788 Regel:
751 1705 914 1768 destitutus
935 1723 1001 1784 spe,
1032 1703 1112 1767 aber
1138 1701 1259 1767 auehul

138 1826 207 1887 spe:
230 1804 282 1886 22,
308 1805 355 1868 15.
385 1803 436 1887 25,
459 1805 510 1868 27.
540 1806 592 1886 31,
615 1807 667 1868 24.
697 1806 749 1885 36,
772 1806 825 1869 33.
855 1804 983 1884 40,·47.
1020 1803 1112 1868 Curt.
1135 1804 1163 1881 4,
1184 1805 1211 1884 3,
1229 1802 1261 1864 20

139 1905 181 1969 ab
203 1906 327 1989 ingenti
350 1928 407 1991 spe
430 1905 576 1969 destituti
600 1916 700 1973 crant.
720 1944 755 1953 -
772 1906 871 1970 Nicht
885 1903 1039 1988 auffallig
1061 1905 1134 1969 sind
1151 1903 1260 1983 Stellen,
1301 1983 1304 1998 1

140 2007 201 2070 010
223 2009 307 2071 Liv.
331 2007 366 2087 2,
390 2008 432 2071 54
454 2028 629 2094 oppressus
652 2030 671 2069 a
693 2007 869 2071 tribunicia
890 2014 1055 2091 potestate
1077 2006 1113 2089 (i.
1137 2029 1163 2070 e.
1183 2027 1200 2068 a
1217 2006 1260 2068 tri·

140 2107 263 2190 bunis).
298 2108 356 2190 25,
379 2109 421 2172 23
449 2118 563 2193 eaptus
591 2129 611 2170 a
633 2108 787 2171 Romanis
815 2108 966 2172 navibus.
1002 2107 1040 2189 3,
1063 2108 1103 2171 47
1131 2104 1262 2192 repellia

1 2204 8 2218 '
140 2208 238 2293 globo
262 2208 441 2273 mulierum.
482 2209 499 2272 7
506 2256 515 2289 ,
541 2209 579 2272 18
602 2207 707 2273 relicti
729 2230 749 2271 a
771 2218 863 2294 parte
884 2205 1008 2295 populi.
1046 2207 1101 2288 26,
1124 2208 1165 2271 40
1183 2206 1262 2290 Agri·

140 2320 272 2395 gentum
296 2310 469 2375 tenebatur
484 2333 503 2374 a
519 2309 836 2394 Carthaginiensium
861 2307 971 2374 valido
993 2309 1168 2396 praesidio,
1194 2308 1219 2386 5,
1231 2306 1261 2368 21

141 2413 306 2492 Veientes,
330 2413 437 2499 ignari
459 2435 494 2475 sc
518 2413 581 2475 iam
596 2411 637 2475 ab
654 2411 722 2475 suis
738 2411 880 2491 vatibus,
902 2411 968 2474 iam
992 2411 1033 2474 ab
1057 2410 1263 2474 extemisora-

142 2513 223 2576 culis
247 2515 404 2598 proditos.
434 2513 484 2595 21,
501 2514 541 2577 33
565 2511 661 2576 simul
683 2512 725 2577 ab
749 2511 907 2593 hostibus,
932 2503 1029 2575 simul
1052 2513 1093 2576 ab
1115 2511 1263 2597 iniquitate
1293 2555 1297 2565 .

86 2664 90 2673 .
142 2614 285 2678 locorum
318 2614 592 2700 oppugnabantur
626 2613 784 2695 (offenbar
817 2614 876 2677 der
903 2612 1115 2677 Concinnitat
1146 2611 1264 2695 wegen).

143 2715 252 2778 Justin
274 2716 303 2795 2,
330 2716 368 2779 12
391 2717 618 2779 circumveniri
641 2738 661 2777 a
681 2714 903 2779 multitudine.

226 2817 286 2880 Bei
303 2816 519 2896 Dichtern,
543 2816 596 2879 die
613 2814 772 2880 zuweilen
787 2837 885 2900 sogar
903 2815 961 2879 das
978 2823 1130 2879 concrete
1143 2811 1264 2878 Werh·

144 2939 242 3003 zeug
270 2917 327 2981 der
350 2916 530 3002 Handlu'ng
558 2916 661 2981 durch
690 2919 729 2982 ab
757 2916 972 2996 bezeichnen,
1002 2915 1164 3000 magdas
1184 2913 1264 2976 Vers-

142 3018 330 3083 hediirfniss
353 3019 554 3082 mitwirken:
590 3018 692 3083 Ovid
716 3041 757 3080 m.
778 3019 808 3101 8,
831 3019 893 3082 513
915 3011 1029 3081 invitis
1053 3025 1212 3103 correptus
1232 3014 1264 3076 ab

143 3122 272 3204 ignibus
294 3123 384 3184 arsit.
423 3123 476 3201 11,
502 3121 563 3184 130
592 3131 624 3184 01
652 3120 759 3183 101100
781 3120 915 3182 meritus
938 3127 1108 3202 torquetur
1129 3117 1169 3181 ab
1192 3134 1263 3178 auro.

146 3223 195 3303 14,
211 3224 273 3287 345
295 3225 465 3308 puniceam
488 3222 587 3287 fulvo.
597 3220 802 3306 chlamydem
819 3230 1005 3284 contractus
1029 3219 1071 3284 ab
1094 3240 1179 3283 auro.
1205 3215 1266 3279 fast.

143 3326 174 3406 5,
199 3323 261 3388 709
283 3334 414 3410 pectora
436 3325 590 3388 traiectus
614 3325 745 3409 Lynceo
768 3322 884 3386 Castor
905 3320 948 3385 ab
971 3343 1059 3385 0000.
1091 3329 1150 3384 art.
1174 3322 1200 3400 l,
1217 3314 1266 3380 510

6 3488 10 3494 .
144 3447 164 3488 a
186 3423 275 3488 nulla
297 3436 443 3511 tempora
466 3435 612 3512 comptus
635 3448 705 3490 acu.
743 3425 803 3489 763
826 3424 861 3488 hi
882 3422 990 3487 iaculo
1018 3423 1141 3508 pisces,
1166 3419 1209 3483 illi
1227 3438 1266 3481 ea·

144 3526 278 3613 piuntur
299 3528 340 3591 ab
363 3527 476 3591 hamis.
508 3526 602 3590 Pont.
625 3527 656 3607 4,
681 3528 710 3607 7,
734 3525 754 3589 9
777 3526 832 3610 qui
855 3522 955 3588 semel
978 3532 1029 3587 est
1052 3521 1158 3586 laesus
1178 3515 1266 3585 fallaci

145 3629 243 3713 piscis
266 3627 308 3690 ab
336 3627 441 3692 hamo.
477 3630 513 3710 3,
535 3628 570 3705 5,
594 3629 635 3692 45
659 3626 775 3691 Getico
803 3647 933 3712 peream
961 3623 1104 3688 violatus
1130 3623 1171 3687 ab
1196 3639 1266 3684 areu.

144 3731 229 3793 trist.
255 3730 282 3807 1,
297 3728 330 3810 2,-
344 3730 384 3792 47
408 3751 467 3792 nec
489 3728 593 3794 levius
617 3728 752 3793 laterum
770 3726 906 3793 tabulae
929 3727 1095 3791 feriuntur
1115 3725 1158 3788 ab
1179 3720 1267 3786 undis.

144 3831 216 3896 Val.
240 3829 289 3894 Fl.
314 3831 344 3912 8,
368 3831 429 3894 317
455 3833 563 3895 victus
587 3832 761 3895 cecidisset
781 3829 824 3892 ab
846 3827 950 3892 hasta.

229 3934 283 3996 An
305 3930 447 3994 anderen
470 3931 644 3996 ahnlichen
667 3930 790 3997 Stelleu
813 3929 939 3994 scheint
961 3930 1001 3993 ub
1024 3927 1089 3990 den
1106 3928 1266 4013 Ursprung,

146 4035 202 4098 das
225 4032 517 4117 Hervorgehen
540 4034 608 4097 der
632 4032 833 4116 Wirkung
860 4052 929 4094 aus
952 4028 1023 4092 der
1046 4029 1219 4093 Ursache
1237 4045 1268 4086 zu

145 4133 355 4216 bezeichnen,
379 4120 506 4198 lreilich
522 4157 625 4220 gegen
642 4134 706 4196 den
728 4131 968 4197 herrschcnden
985 4123 1266 4217 Sprachgebrauch.

147 4235 189 4300 80
219 4234 318 4298 sehon
347 4237 399 4300 bei
423 4235 502 4300 Cic.
526 4258 556 4298 n.
580 4234 612 4298 d.
635 4237 671 4316 2,
695 4234 736 4299 55
765 4256 803 4297 ea
826 4233 960 4318 (anima)
990 4231 1122 4296 calescit
1150 4229 1270 4317 primum,

146 4337 188 4399 ab
213 4358 249 4399 eo
272 4338 401 4421 spiritu.
433 4335 525 4400 acad.
547 4337 584 4417 2,
608 4337 648 4401 23
672 4359 691 4400 a
718 4334 786 4413 sole
809 4333 957 4398 collucet.
1002 4331 1211 4416 Ueberhaupt
1228 4324 1267 4388 bei

147 4436 385 4502 intransitivis:
418 4438 524 4503 Ovid
546 4438 620 4502 fast.
636 4439 666 4519 5,
682 4437 745 4502 323
767 4435 892 4501 caelum
913 4435 1072 4519 nigrescit
1093 4436 1134 4498 ab
1148 4425 1265 4496 Austris
