2850 5002
599 309 833 374 -161-

136 488 204 555 quo
231 459 475 546 („wedureh“).
520 460 583 526 Mit
605 460 664 524 der
680 461 899 549 (hmjunetion
921 484 981 545 prce
1004 471 1083 527 statt
1107 464 1195 528 eines
1211 465 1288 530 Pre-

141 584 296 633 nomens:
319 561 399 645 Jug.
422 562 465 627 66
488 562 666 647 Vagenses,
690 585 753 648 que
768 564 919 629 Metellus
944 603 982 611 —
1005 564 1205 647 praesidium
1229 567 1287 630 im-

148 672 309 756 posuerat.
334 662 394 730 103
417 663 549 746 turrim,
582 686 646 748 quo
669 666 867 751 praesidium
896 665 1104 752 imposuerat.
1131 667 1191 730 104
1213 688 1287 731 eon·

107 754 112 771 '
154 768 236 833 iccto
255 765 397 850 negotio,
420 786 484 852 quo
506 765 702 832 intenderat.

236 864 336 932 Ovid
358 875 436 933 met.
458 867 489 950 1,
510 866 574 932 656
595 888 729 954 parcum
750 889 854 953 genus
877 877 926 933 est
948 908 987 916 —
1009 879 1041 935 et
1063 870 1118 955 qui
1141 871 1288 954 quaesita

163 976 323 1035 reservent.
368 968 444 1034 Pro
450 990 483 1055 p.
505 968 537 1050 3,
562 969 612 1052 13,
634 969 677 1035 25
705 978 822 1055 pacata
849 970 1018 1053 iuventus,
1048 970 1184 1036 divitiae
1212 993 1288 1056 quo-

167 1092 227 1135 rnm
243 1071 353 1135 messis
376 1079 409 1135 et
432 1070 529 1136 arbor
550 1080 654 1134 erant.

237 1171 311 1237 Liv.
340 1172 394 1255 23,
422 1171 476 1254 43,
507 1172 543 1235 11
572 1194 656 1256 quae
684 1172 712 1235 si
739 1172 832 1256 paria
861 1181 970 1236 essent
1002 1172 1077 1250 (auf
1104 1175 1187 1238 eires
1220 1176 1287 1238 und

171 1274 294 1349 baiadus
313 1271 486 1357 bezogcn).
509 1272 562 1353 32,
585 1272 627 1336 29
649 1271 776 1337 delectu
798 1273 961 1359 rebusque
977 1272 1050 1337 aliis
1068 1311 1106 1321 -
1123 1296 1207 1359 quae
1230 1298 1287 1359 per

170 1374 243 1459 ipses
260 1372 387 1459 agenda
409 1382 509 1451 erant,
531 1373 694 1457 perfectis.
717 1372 770 1453 42,
793 1373 813 1437 8
837 1374 985 1461 bonaque
1000 1383 1036 1440 ut
1052 1376 1103 1458 iis,
1127 1374 1286 1461 quidquid

170 1474 227 1537 eins
242 1476 422 1564 recuperari
444 1473 563 1561 possit,
590 1474 778 1540 reddantur.
807 1475 859 1558 44,
885 1477 900 1538 1
924 1475 1037 1540 favere
1059 1475 1171 1561 pietati
1194 1476 1284 1540 {idei-

170 1596 221 1659 que
237 1576 315 1655 deos,
340 1598 400 1663 per
422 1597 506 1663 quae
526 1576 652 1663 pepli.
676 1574 862 1640 adtentum
879 1577 1004 1662 fastigii
1024 1579 1158 1643 venerit.
1181 1576 1283 1642 Ibid.:

169 1695 228 1739 eum
246 1678 384 1765 quinque
405 1675 549 1757 milibus,
572 1677 659 1763 quod
673 1678 708 1741 in
724 1677 982 1763 supplementum
998 1679 1161 1765 legionum
1176 1701 1284 1744 seeum

108 1854 110 1861 Ι
168 1776 338 1845 traiecturus
366 1789 445 1844 erat.
474 1778 527 1861 44,
552 1779 592 1842 10
617 1779 773 1865 pecuniae
794 1789 938 1864 partem,
966 1780 1053 1865 quod
1076 1780 1184 1845 fuerat
1210 1803 1284 1846 nae-

108 1886 113 1952 ,
166 1882 219 1941 luc.
245 1918 271 1929 -
291 1878 395 1945 Vell.
418 1882 450 1961 2,
472 1880 521 1943 49
535 1890 645 1967 partes
669 1890 707 1928 ‘—
732 1890 764 1944 et
786 1879 843 1944 illa
864 1880 1009 1968 gloriosa
1037 1881 1171 1946 ethaeo
1194 1882 1283 1945 terri-

108 1954 113 2009 1
164 1973 271 2046 biliora.
314 1981 405 2046 Tac.
427 1980 502 2047 hist.
526 1982 556 2061 3,
578 1981 621 2045 80
641 1982 757 2066 raptis,
780 1983 867 2067 quod
890 1985 1006 2069 cuique
1029 1983 1174 2061 obviarn,
1200 1983 1282 2047 telis.

161 2094 224 2143 ann.
242 2085 272 2167 3,
286 2084 330 2148 63
345 2081 534 2168 legationes,
557 2104 693 2167 quorum
709 2083 805 2169 eopia
821 2084 900 2149 fessi
917 2093 1024 2170 patres
1036 2094 1092 2148 ett.
1111 2123 1142 2130 --
1167 2083 1283 2170 Apul.

108 2170 111 2201 ³
160 2173 467 2270 tertagonus,
496 2184 616 2269 qui-
642 2206 773 2248 novere.
823 2187 971 2251 huson.
1000 2184 1082 2270 g'rat.
1110 2195 1173 2249 act.
1201 2197 1283 2251 extr.
1391 2220 1395 2229 ·

159 2276 267 2367 sellam,
289 2293 504 2374 praetextam,
527 2285 682 2367 trabeam,
705 2308 788 2370 quae
810 2285 1005 2352 honestavit.

228 2386 291 2452 Die
305 2387 513 2454 Constructio
536 2386 578 2451 ad
599 2408 728 2451 sensum
744 2387 824 2471 geht
837 2388 916 2453 aber
931 2389 1012 2453 noch
1030 2391 1151 2471 weiter,
1174 2388 1281 2453 inderu

156 2484 226 2549 auch
248 2488 469 2554 indefinite
490 2488 687 2554 Pronomina
708 2490 774 2553 und
803 2489 904 2554 selbst
927 2490 1282 2575 Adjeetivl'ormeu

155 2596 209 2648 von
231 2589 280 2655 ihr
302 2590 454 2675 ergriffen
477 2591 621 2655 werden:
645 2589 739 2675 Virg.
763 2592 845 2655 Aen.
868 2591 900 2672 6,
922 2590 987 2654 5811
1007 2590 1139 2657 Titania
1167 2591 1281 2678 pubes,

113 2714 120 2725 ¹
150 2675 276 2762 ‚fulmine
298 2689 428 2758 deiecti.
473 2691 572 2757 Ovid.
600 2700 674 2756 met.
702 2696 730 2773 1,
756 2693 816 2756 162
845 2692 943 2757 scires
967 2715 984 2755 e
1007 2686 1164 2777 sanguine
1186 2702 1281 2757 natos

153 2782 220 2856 (auf
231 2815 374 2877 propago
395 2793 567 2878 beregen).
604 2794 653 2875 13,
677 2793 737 2857 821
769 2793 828 2858 hoe
851 2816 948 2881 pecus
971 2817 1065 2859 etune
1088 2817 1194 2860 meum
1221 2805 1280 2877 cst,

151 2886 262 2959 multae
287 2917 416 2982 quoque
445 2894 587 2960 vallibus
617 2903 737 2959 errant.
770 2932 804 2942 —
836 2896 956 2959 Vitruv
987 2898 1015 2977 1,
1042 2898 1053 2959 1
1087 2895 1128 2960 de
1155 2896 1280 2959 duabus

148 2983 239 3059 rebus
263 3036 299 3047 -
328 3019 371 3061 ex
398 2996 449 3060 his
477 3017 578 3060 unum
606 3005 638 3061 01
665 2996 814 3061 alterum.
865 2997 936 3060 Nur
964 2996 1021 3059 der
1048 2997 1209 3061 Numerus
1238 2998 1281 3061 ist

146 3095 299 3163 seducat
325 3098 379 3163 bei
401 3098 476 3162 Liv.
498 3098 551 3179 42,
581 3099 619 3162 17
648 3097 793 3162 efficacia
821 3098 895 3183 (aul
920 3120 1079 3164 venenum
1107 3098 1279 3181 beregen).

145 3178 364 3265 ὃ1101111006.
386 3200 512 3264 381100
533 3208 631 3285 atque
652 3198 840 3264 iracundiae
863 3201 1012 3264 conscius
1028 3199 1091 3264 sibi
1106 3210 1279 3283 utrumque

144 3300 323 3394 excusavit.
368 3299 467 3387 Apul.
490 3301 559 3365 fler.
586 3305 599 3364 1
624 3323 673 3365 nr.
697 3301 715 3364 1
739 3322 823 3385 quae
845 3301 931 3365 enim
959 3300 1086 3366 facilior
1108 3322 1160 3365 res
1183 3323 1277 3385 quam

144 3377 272 3477 lfflguac
298 3402 407 3468 rabies
435 3411 468 3467 ct
496 3400 605 3468 vilitas
634 3424 773 3467 morum:
805 3401 940 3466 alterum
971 3424 1012 3467 ex
1039 3402 1177 3467 alierum
1205 3426 1278 3469 cen-

145 3482 277 3585 1111010,
298 3502 437 3569 alterum
460 3526 503 3568 ex
524 3504 585 3567 sui.

226 3602 288 3670 We
317 3604 387 3677 sich
415 3605 474 3670 das
496 3604 691 3670 Neutrum
721 3606 756 3668 in
779 3604 904 3669 solcher
925 3605 1038 3670 Weise
1065 3606 1124 3669 auf
1148 3606 1278 3669 voraut'-

149 3694 288 3771 tabente
308 3705 493 3772 mannliche
515 3707 594 3771 oder
616 3705 786 3771 weibliche
808 3706 1022 3772 Substantiva
1048 3706 1188 3789 bezieht,
1211 3706 1278 3771 will

152 3786 200 3859 let·
223 3804 454 3875 Schriftsteller
475 3808 570 3873 einen
591 3807 807 3892 allgemeiuen
830 3808 958 3894 Begriff
976 3811 1032 3893 (π
1048 3831 1086 3873 ea
1108 3830 1171 3891 res,
1195 3830 1277 3894 quac

155 3899 209 3980 ¹0⁸)
233 3906 452 3992 ausdri'rcken,
486 3909 568 3974 doch
596 3909 776 3995 gebraucht
804 3909 944 3975 Cicero
971 3909 1006 3973 in
1034 3910 1156 3974 diesem
1186 3907 1278 3972 Falle

157 4009 205 4061 llr
228 4006 287 4075 den
306 4008 461 4093 Pluhal,
489 4010 610 4076 andere
637 4012 720 4076 auch
748 4011 811 4076 den
834 4010 988 4096 Singular
1009 4011 1067 4075 des
1089 4010 1276 4075 Neutrums.
1347 4010 1355 4025 ‘

229 4108 260 4187 ἓ.
278 4113 348 4178 113.
390 4119 541 4177 Einfiuss
563 4121 624 4178 dar
645 4121 848 4189 Appositien
869 4121 951 4178 oder
973 4121 1033 4177 des
1047 4121 1277 4177 Nabensataes

157 4210 206 4265 llf
224 4214 283 4277 dns
303 4220 471 4280 Prttdieat.
518 4234 528 4279 ,·

226 4306 302 4381 cie.
324 4314 387 4401 leg.
409 4316 498 4380 Man.
520 4316 541 4381 5
563 4316 756 4382 Corinthum
778 4354 819 4364 -
846 4318 948 4381 totius
971 4314 1131 4380 Graeciae
1156 4316 1275 4400 lumen,

150 4400 319 4481 exfinctum
351 4439 424 4484 0000
452 4416 651 4484 voluerunt
677 4418 768 4484 Brut.
792 4420 832 4483 75
859 4419 944 4483 omni
974 4428 1090 4485 ornatu
1119 4419 1275 4485 erationis
