2850 5002
458 320 785 385 --m-

141 469 244 559 tulique
261 507 305 519 —
325 470 378 537 his
399 471 503 537 ferme
517 473 620 538 incise
634 473 751 539 litteris
769 474 835 537 fuit
849 473 1073 561 (Audeutung,
1097 474 1175 539 dese
1190 474 1244 540 die

140 570 324 641 Gelenktefel
344 596 405 639 zur
419 574 495 639 Zeit
516 574 574 639 des
589 576 705 641 Livius
727 575 817 640 nieht
838 575 931 641 mehr
945 576 1135 641 vorhenden
1150 581 1243 661 wer).

139 674 203 741 llech
226 674 406 741 deutlicher
432 677 476 742 ist
496 676 550 757 38,
577 678 630 761 56,
658 678 833 742 3'Literni
860 688 1104 743 monumentum
1129 702 1242 745 monu-
1363 758 1367 767 Ι

138 788 275 865 mentoque
289 786 398 843 statue
419 779 672 866 superimposita
694 777 768 861 suit,
791 800 889 865 quem
911 788 1105 865 tempestate
1127 781 1242 845 disiec-

138 886 183 943 tum
201 900 298 966 nuper
325 880 467 945 vidimus
494 882 570 966 ipsi.
600 882 653 964 31,
675 880 729 963 44,
751 882 772 945 5
800 880 871 946 locu
894 904 1036 967 quoque,
1066 884 1100 945 in
1123 882 1242 968 quibus

137 982 243 1069 positum
264 980 389 1069 aliquid
411 982 647 1069 inscriptumve
670 982 800 1048 honoris
823 984 893 1047 eius
909 1004 1008 1048 coisse
1022 983 1139 1050 fuisset
1154 984 1243 1069 (vor-

137 1080 233 1149 lmden
253 1104 404 1169 genesen
426 1085 541 1169 were).
567 1085 616 1167 10,
642 1084 693 1166 19,
719 1084 758 1148 14
773 1084 814 1148 ab
837 1094 954 1150 neutra
976 1093 1069 1171 parte
1092 1088 1171 1150 satis
1194 1087 1243 1150 in-

136 1186 220 1251 structi
239 1184 382 1251 fuerunt.
409 1188 440 1267 8.
465 1186 505 1250 19
533 1186 678 1251 consueti
705 1188 848 1251 fuerent.
876 1187 928 1271 23,
951 1187 1002 1268 43,
1031 1189 1181 1253 lemnia
1201 1226 1243 1237 —

136 1294 202 1351 unte
218 1288 414 1375 provisaque
436 1288 577 1353 fuerunt.
600 1288 652 1369 24,
674 1288 727 1369 43,
750 1289 900 1353 3n0vem
923 1288 1129 1354 tribunorum
1150 1290 1243 1354 euxi-

135 1384 269 1453 inretiti
294 1410 427 1453 ceurem
454 1390 489 1453 in
516 1390 711 1475 magistratu
740 1390 848 1454 dicere
879 1389 1072 1477 dimissique
1103 1391 1243 1457 fuerent.

135 1488 170 1571 31,
185 1490 231 1574 38,
251 1490 272 1556 6
293 1490 416 1556 Romee
442 1492 485 1556 ad
511 1492 662 1556 nuntium
687 1492 828 1576 primum
855 1489 1041 1556 rebellionis
1071 1492 1244 1579 Carthagi-

135 1589 264 1657 niensium
285 1592 484 1680 trepidetum
504 1592 623 1679 fuerat.
644 1592 696 1673 45,
719 1593 771 1673 40,
793 1592 917 1679 2quod
939 1602 1066 1658 tentum
1088 1595 1245 1680 pecuniae

134 1726 162 1739 ·-
176 1704 392 1759 coacervatum
406 1694 525 1765 fueret.
557 1695 622 1759 Die
645 1695 871 1759 Fortdeuer
893 1694 951 1759 der
965 1694 1146 1781 Handlung
1161 1696 1245 1761 wird

134 1794 309 1861 heziohnet:
342 1796 395 1881 26,
423 1797 475 1882 21,
496 1797 518 1860 4
548 1806 643 1861 nocte
669 1818 708 1860 ec
736 1795 788 1861 die
811 1799 1034 1862 continuatum
1056 1797 1244 1862 incendium

108 1894 185 1963 trit
202 1897 297 1985 frgm.
318 1896 342 1962 l.
373 1898 435 1962 120
465 1899 544 1963 setis
578 1906 708 1965 constet
740 1921 852 1964 servos
881 1899 1010 1964 sortiter
1040 1897 1244 1985 fideliterque

108 1990 233 2104 {praes
254 2002 359 2066 fuisse
381 1999 424 2065 ed
445 1999 676 2065 dimicandum.
731 1999 818 2064 Ibid.
841 2002 898 2065 ubi
921 2022 959 2064 eo
981 2003 1052 2086 ipso
1079 2022 1164 2066 enno
1187 1999 1244 2065 ed-

108 2118 219 2165 iversus
238 2103 420 2167 Antonium
441 2138 483 2149 -
505 2102 637 2166 auditus
659 2101 776 2166 fueret.
799 2102 850 2182 31,
873 2101 915 2166 25
936 2123 1008 2165 cum
1031 2103 1135 2188 primo
1158 2101 1244 2166 cleu-

108 2189 110 2289 :
134 2220 173 2265 ue
186 2202 320 2269 fuissent
341 2213 465 2291 portes,
488 2203 606 2268 deinde
624 2203 732 2268 subito
747 2213 887 2288 apertae.
911 2203 964 2286 38,
987 2203 1018 2285 2,
1042 2203 1150 2267 2cum
1166 2203 1244 2267 duo-

108 2299 110 2325 *
134 2296 177 2367 im
191 2304 331 2372 millibus
352 2306 575 2387 Athenaeum,
599 2306 683 2392 quod
707 2328 807 2369 unum
830 2328 850 2368 e
871 2305 1035 2391 praesidio
1059 2328 1117 2371 suo
1139 2314 1245 2369 reten-

134 2408 182 2468 m
197 2404 317 2489 fueret,
345 2408 505 2495 pervenit.
528 2407 580 2491 39,
603 2407 655 2489 24,
678 2407 700 2471 4
728 2405 918 2472 traduxerat
941 2444 979 2453 --
1003 2408 1090 2471 omni
1112 2429 1190 2471 cura
1211 2406 1245 2471 in

135 2508 269 2591 ugonem
292 2511 385 2594 regni
407 2531 485 2596 opes
508 2510 657 2574 intentus·
675 2509 792 2573 fueret.
815 2508 867 2591 41,
890 2509 920 2588 4,
943 2509 964 2573 5
986 2506 1117 2589 milites,
1140 2509 1244 2595 quiin

116 2610 222 2701 ‚meu
242 2608 348 2676 relicti
370 2609 510 2675 fuerent.
532 2612 584 2692 44,
605 2610 659 2692 46,
683 2610 703 2675 8
725 2609 806 2674 nihil
828 2620 958 2697 praeter
978 2620 1123 2674 trecenta
1144 2608 1244 2676 talen·

134 2710 255 2799 §ques
275 2713 377 2777 missa
397 2712 519 2778 Gentio
541 2711 622 2795 regi,
645 2711 761 2776 deinde
776 2721 902 2777 retente
916 2711 1055 2791 suerent,
1076 2712 1247 2776 inventum

134 2816 175 2873 st
189 2814 239 2898 45,
261 2814 315 2897 23,
338 2813 357 2878 6
379 2836 484 2901 neque
505 2813 665 2879 bonorum
688 2814 849 2879 socierum
865 2811 1028 2877 deluimus
1044 2811 1163 2893 efficio,
1187 2813 1246 2876 sed

134 2912 240 2981 trebie
261 2926 430 3003 praestare
451 2915 610 3001 prohibiti
632 2914 762 2979 fuimus.
848 2990 851 2995 ¹

192 3014 296 3083 ovid
318 3016 392 3083 fuet.
417 3018 446 3099 1,
475 3016 518 3081 42
546 3037 629 3103 quae
656 3017 818 3102 sequitur,
847 3036 981 3079 numero
1010 3016 1107 3080 turbe
1133 3023 1246 3079 notate

134 3106 290 3203 11111.
315 3118 369 3185 die
390 3118 524 3184 Monate
546 3127 661 3203 trugen
682 3116 766 3182 noch
785 3120 870 3205 jetzt
897 3116 966 3180 ihre
989 3116 1138 3199 Nomen).
1166 3125 1244 3181 met.

134 3208 221 3295 tlte
241 3220 271 3284 si
292 3242 357 3285 non
378 3219 441 3283 sibi
463 3219 534 3284 visa
555 3220 682 3283 fuisset.
705 3218 773 3283 her.
798 3220 829 3301 1,
857 3218 927 3282 140.

116 3398 121 3407 Ι
192 3318 356 3386 Mertiel
379 3324 408 3403 l,
430 3320 484 3402 44,
509 3322 525 3384 1
548 3321 600 3386 bis
622 3322 684 3385 tibi
705 3321 819 3385 triceni
841 3320 980 3401 fuimus,
1004 3319 1167 3400 Mancine,
1191 3342 1246 3385 vo-

136 3418 187 3499 ῠῒὶ,
207 3432 239 3487 et
258 3424 404 3509 positum
426 3430 476 3487 est
497 3421 592 3487 nobis
615 3421 661 3487 nil
683 3421 759 3486 here
781 3430 909 3506 praeter
932 3442 1058 3506 aprum.

108 3602 110 3608 Ι
194 3522 323 3610 Nepos
345 3523 443 3589 Phoc.
465 3524 495 3604 4,
519 3524 539 3589 3
562 3524 680 3589 obvius
703 3523 734 3588 ei
749 3523 812 3588 fuit
826 3520 1042 3610 Eriphyletus,
1066 3545 1129 3608 quo
1153 3523 1246 3588 fami·

108 3611 232 3705 11111111
258 3624 366 3692 fuerat
395 3648 485 3690 usus.
529 3625 646 3711 Epam.
675 3626 706 3707 8,
736 3626 756 3689 3
788 3645 869 3711 quos
898 3634 973 3688 ente
1006 3647 1042 3688 se
1076 3626 1246 3711 imperato·

108 3707 299 3791 Ιι1111111110
330 3726 538 3793 Boeotiorum
572 3748 671 3791 ausus
703 3726 766 3792 fuit
798 3725 968 3812 adspicere
999 3726 1033 3789 in
1062 3726 1146 3810 ecie3
1180 3725 1248 3790 und

200 3926 329 3995 Justin
353 3931 381 4011 l,
406 3931 445 3995 19
467 3928 661 4015 proeliatum
683 3929 756 3994 fuit.
782 3930 832 4013 12,
858 3930 896 3995 16
919 3951 999 4015 puer
1014 3927 1180 3993 acerrimis
1195 3926 1247 3992 111-

141 4024 388 4097 hemitoniis
417 4030 564 4096 eruditus
590 4030 665 4095 fuit.
695 4031 743 4112 18,
766 4032 786 4095 3
808 4031 984 4119 Tyriorum
1011 4050 1091 4114 gens
1115 4027 1249 4094 condita

143 4120 366 4197 choenieibus
387 4133 463 4198 fuit.
485 4171 526 4184 -
550 4130 653 4197 Gell.
682 4132 714 4214 5,
745 4132 785 4197 10
811 4131 988 4196 frustratus
1009 4131 1083 4195 fuit.
1128 4129 1151 4196 S
1159 4152 1247 4217 per-

145 4216 842 4299 mmmmwmmmu

110 4396 113 4402 .
204 4326 263 4397 Der
287 4335 369 4401 Sinn
395 4335 503 4400 dieser
530 4334 803 4422 Tempusformen
831 4336 875 4399 ist
906 4333 957 4398 bis
981 4335 1067 4420 jetzt
1094 4333 1155 4397 auf
1176 4355 1247 4397 ver-

148 4416 281 4501 musso
303 4434 415 4502 Weise
436 4436 590 4522 gedeutet
612 4436 754 4501 worden.
798 4437 869 4500 Das
882 4434 1036 4521 Richtige
1058 4433 1140 4498 wird
1163 4435 1249 4501 wohl
