2804 4996
547 362 779 425 -211-

138 524 160 577 et
175 512 217 577 lilii
233 514 407 580 innocentis
429 514 578 579 fortunas
607 523 816 579 conservatas
843 516 924 579 colit.
952 514 1045 578 Verr.
1070 514 1116 597 Il,
1143 518 1170 598 l,
1193 515 1234 579 26
1282 514 1285 519 ’

136 624 201 698 rogat
211 616 357 681 Rubrium
381 626 418 682 ut
439 638 520 702 quos
543 616 573 681 ei
596 616 800 680 commodum
822 618 871 695 sit,
895 618 1024 698 invitet,
1047 616 1152 680 locum
1169 616 1233 680 sibi

135 716 183 798 soli,
199 718 222 780 si
238 720 389 799 videone,
411 717 584 803 relinquat.
608 739 657 803 cp.
680 718 723 782 50
744 718 873 803 quaerit
895 718 1012 804 ecquid
1034 720 1087 798 sit,
1111 719 1232 805 quoda

133 816 220 903 pupillo
244 818 398 884 traditum
427 842 492 885 non
520 821 578 898 sit,
609 819 695 904 quod
725 819 814 904 exigi
844 820 972 884 debeat.
1006 820 1104 884 'Fuso
1133 820 1164 903 3,
1191 820 1234 882 20

133 920 221 1003 quaerit
239 922 294 1005 qui
316 920 378 985 sibi
402 930 539 1003 constet,
563 942 636 984 cum
659 942 697 985 ea
709 919 782 1005 lege
794 919 991 987 frumentum
1014 930 1114 1008 petat,
1137 942 1233 1007 quam

132 1019 291 1087 dissuaserit.
337 1022 432 1086 Eben
454 1045 491 1088 so
513 1023 573 1087 mit
596 1023 691 1110 Oonj.
715 1023 870 1109 perfecti:
899 1023 993 1088 Verr.
1015 1025 1047 1105 5,
1070 1023 1112 1088 39
1139 1031 1235 1107 rogat

130 1129 153 1185 ut
167 1122 191 1185 id
208 1124 312 1189 lacere
334 1123 497 1188 desistant
527 1134 559 1188 ct
581 1126 616 1201 in
639 1146 697 1188 sua
720 1126 857 1211 quisque
886 1126 963 1189 novi
994 1125 1081 1190 dieat
1104 1145 1140 1188 se
1163 1135 1232 1188 tan·

129 1230 174 1287 tun
190 1224 334 1291 habuisse
354 1236 538 1307 nautarum,
560 1235 717 1312 quantum
741 1228 931 1312 oportuerit.

76 1409 79 1416 Ι
140 1406 144 1413 Ι
184 1327 212 1413 b)
233 1327 309 1391 sehr
330 1327 442 1412 houtig
465 1327 645 1392 Praeterita
668 1328 712 1391 im
735 1328 949 1415 (lonjunctirz
995 1328 1062 1392 Cic.
1086 1327 1177 1391 Verr.
1201 1326 1232 1407 4,
1286 1362 1290 1366 -

76 1434 80 1455 ’
130 1426 154 1488 18
168 1428 268 1493 scribit
301 1437 339 1493 ut
371 1429 412 1493 iis
442 1429 499 1516 qui
527 1451 548 1493 a
576 1428 680 1493 Verre
713 1430 896 1511 venissent,
934 1428 1145 1517 responderet
1176 1430 1231 1491 ctt.

128 1526 192 1593 Caes.
214 1531 243 1595 b.
272 1552 305 1616 g.
338 1532 367 1613 i,
395 1531 414 1594 l
442 1529 568 1613 legatos
596 1530 640 1595 sd
670 1530 843 1596 Caesarem
873 1531 1022 1614 mittunt,
1056 1531 1112 1618 qui
1142 1528 1229 1593 dice-

126 1640 187 1713 rent,
210 1632 272 1696 sibi
295 1654 368 1696 esse
390 1634 423 1696 in
446 1634 554 1696 animo
576 1633 638 1696 iter
667 1655 725 1720 per
746 1635 948 1720 provinciam
978 1633 1103 1716 faeere,
1136 1652 1232 1716 prop-

124 1738 187 1796 terea
204 1733 288 1820 quod
311 1733 403 1799 aliud
424 1734 487 1798 iter
509 1732 634 1798 nullum
657 1734 824 1800 haberent.
847 1733 925 1799 Sall.
947 1736 1019 1799 cat.
1034 1735 1087 1817 44,
1103 1735 1133 1797 3.
1157 1732 1233 1817 Jug.

124 1830 160 1913 23,
175 1834 199 1898 2.
217 1835 267 1917 38,
291 1837 321 1900 9.
345 1834 418 1904 Liv.
441 1836 493 1919 22,
516 1837 538 1899 4
558 1836 606 1900 ibi
629 1845 737 1900 castra
759 1839 793 1900 in
815 1846 929 1924 aperto
951 1835 1037 1900 locat
1044 1883 1053 1917 ‚
1082 1834 1138 1899 ubi
1162 1839 1233 1921 ipse

125 1950 174 1997 cun
191 1935 277 2001 Afris
299 1938 396 2002 modo
419 1936 644 2023 Hispanisque
666 1939 866 2022 consideret3
891 1940 958 2002 und
981 1961 1017 2002 so
1040 1937 1099 2002 ost.

182 2037 208 2123 c)
230 2038 418 2104 Praesentia
441 2040 507 2104 mid
532 2038 729 2125 Praeterito,
756 2038 825 2104 also
855 2039 1035 2124 gemiscbte
1059 2038 1233 2103 Construc-

125 2134 212 2204 tioncu.
253 2140 336 2205 Hier
363 2140 423 2225 gilt
451 2142 650 2226 wenigstens
681 2142 733 2206 bei
762 2141 902 2206 Cicero
931 2142 984 2204 die
1006 2139 1126 2226 Regel,
1157 2140 1232 2203 dass
1335 2204 1339 2211 ,

126 2234 249 2305 lisdem
275 2242 482 2328 Hauptsntze
514 2243 638 2329 logisch
672 2244 751 2309 oder
781 2243 864 2308 auch
897 2265 960 2307 nur
992 2241 1152 2307 rtumlich
1182 2265 1233 2305 um

125 2340 246 2407 ntcbstcn
273 2344 453 2409 stehenden
480 2346 687 2411 Nebenstituo
721 2345 1230 2415 diePraesensconstruction

128 2436 314 2510 beibchalten:
350 2470 379 2532 p.
409 2445 543 2526 Quinct.
571 2448 593 2512 5
620 2458 715 2532 rogat
746 2456 783 2511 ut
816 2457 925 2528 curet,
960 2448 1046 2533 quod
1084 2447 1232 2523 dixisset,

129 2534 189 2608 Vetr.
208 2547 256 2628 Il,
282 2550 310 2630 l,
333 2548 377 2611 24
398 2551 563 2634 negotium
592 2548 650 2613 dat
677 2550 866 2632 comitibus,
896 2559 932 2613 ut
960 2550 1108 2633 videant,
1131 2570 1235 2635 ecqua

127 2639 191 2728 virgo
209 2650 250 2714 sit
271 2658 329 2712 aut
349 2649 466 2714 mulier
489 2651 600 2735 digno,
623 2674 720 2738 quam
743 2652 785 2715 ob
808 2672 877 2714 rem
901 2651 1026 2716 diutius
1054 2671 1232 2715 conrmora-

127 2752 193 2811 retur.
212 2772 259 2837 cp.
283 2750 326 2815 30
348 2750 453 2834 adest,
477 2753 586 2834 instat,
610 2762 705 2837 urget
720 2752 901 2837 Dolabella,
924 2762 1072 2838 utquam
1092 2754 1234 2838 primum

127 2851 395 2937 restiterimus,
417 2874 481 2940 quo
510 2875 608 2940 quam
638 2855 770 2919 minime
797 2855 890 2919 multi
913 2879 953 2919 ex
981 2854 1045 2918 illis
1074 2854 1115 2918 de
1137 2854 1233 2917 istius

127 2949 217 3016 nefario
238 2955 362 3020 scelere
383 2954 500 3019 audire
522 2964 664 3043 possent.
687 2957 719 3038 2,
744 2958 784 3020 15
807 2956 988 3021 adversarii
1010 2954 1235 3042 postulantlut

128 3040 149 3109 lt
163 3073 220 3119 eam
235 3078 304 3121 rem
327 3056 453 3121 iudices
477 3057 595 3123 dentur
617 3080 658 3122 ex
681 3058 721 3121 iis
746 3058 946 3140 civitatibus,
970 3079 1053 3144 quae
1076 3057 1108 3120 in
1130 3057 1165 3121 id
1188 3056 1233 3120 so-

92 3150 95 3155 ’
129 3165 175 3216 ton
192 3160 410 3223 convenirent.
433 3181 484 3246 cp.
506 3161 549 3224 50
571 3161 781 3244 Agrigentini
812 3160 853 3224 ad
882 3162 979 3225 istum
1007 3158 1131 3243 legatos
1162 3157 1234 3221 mit-

128 3254 186 3338 tut,
213 3260 267 3346 qui
296 3282 370 3326 eum
400 3259 489 3346 leges
523 3262 661 3325 doceant
684 3299 723 3307 -
746 3270 783 3325 ut
811 3263 872 3325 iste
899 3261 1112 3346 intelligeret,
1142 3262 1169 3323 ei
1199 3282 1234 3323 se

129 3346 190 3421 llum
216 3361 323 3427 locum
355 3362 558 3443 vendidisse,
586 3364 638 3427 cui
666 3385 707 3426 ne
737 3365 967 3427 commercium
996 3364 1126 3450 quidem
1162 3384 1235 3426 esse

130 3468 267 3538 oporteret.
292 3501 330 3509 -
355 3463 450 3528 Eben
475 3487 510 3529 so
533 3465 585 3529 bei
609 3465 855 3548 Nebensittzen,
887 3464 941 3527 die
962 3465 1053 3530 nicht
1080 3488 1144 3530 von
1167 3467 1233 3539 ein-

131 3557 201 3625 nter
218 3565 406 3651 sbhbugeu:
429 3589 460 3653 p.
477 3564 590 3646 Quint.
608 3569 629 3631 4
651 3567 814 3631 homiuem
836 3566 947 3631 multis
971 3568 1068 3633 rebus
1093 3566 1236 3631 deterret

131 3673 158 3717 tt
178 3668 386 3751 auctionetur,
421 3690 493 3731 eum
528 3691 592 3733 non
621 3670 668 3733 ita
696 3669 863 3733 commode
891 3690 985 3755 posse
1013 3693 1050 3735 oo
1079 3679 1234 3755 tempore,

97 3756 189 3840 “quus
205 3770 461 3855 proscripsisset,
484 3770 633 3834 vendere.
679 3773 748 3836 Art.
777 3771 808 3853 4,
838 3771 870 3855 3,
897 3773 919 3835 4
946 3770 1098 3835 Metellus
1127 3779 1235 3834 tamen

135 3867 240 3939 Postulat
260 3879 296 3934 ut
317 3870 381 3935 sibi
403 3879 536 3957 postero
564 3872 616 3936 die
638 3873 671 3934 in
695 3874 765 3936 foro
789 3873 1016 3954 obnuntictur,
1045 3871 1124 3934 nibil
1154 3893 1234 3951 esse,

138 3964 196 4041 quod
212 3970 241 4033 in
261 3994 408 4058 campum
431 3984 526 4038 nocte
549 3976 724 4039 veniretur.
769 3974 851 4038 Nur
874 3974 939 4038 dic
955 3972 1146 4056 Stellung
1166 3981 1234 4037 ent·

140 4060 244 4137 ttbeidet
262 4072 314 4139 bei
335 4074 510 4160 folgenden
525 4076 737 4142 unmittelbar
753 4075 972 4140 coortlinirten
987 4074 1233 4140 Nebenstitzen:

141 4154 206 4230 lttr.
222 4172 248 4255 3,
264 4176 298 4239 lt
320 4185 418 4262 atque
439 4179 520 4241 haec
535 4200 599 4242 non
614 4177 795 4264 cupiditate
810 4178 921 4263 aliqua
936 4176 1051 4241 scribit
1070 4175 1235 4259 inductus,
1326 4204 1332 4214 ·

144 4264 207 4329 llll]
227 4272 353 4341 alienam
380 4280 582 4363 provinciam
610 4280 717 4344 mittat
744 4279 870 4344 litteras
902 4288 976 4343 ante
1004 4288 1144 4365 tcmpuS,
1178 4280 1235 4342 sed

147 4368 251 4454 arsitio,
268 4398 306 4441 ue
327 4380 352 4442 si
375 4389 503 4467 tempus
527 4382 661 4445 sationis
685 4384 912 4468 praeterisset,
936 4403 1074 4465 granum
1098 4403 1138 4445 ex
1161 4404 1234 4467 pro-

149 4466 226 4533 meis
245 4474 347 4545 Sicilia
379 4482 506 4549 nullum
536 4483 741 4548 haberemus.
775 4484 851 4547 fam.
880 4484 911 4565 8,
940 4484 969 4564 8,
998 4484 1018 4547 2
1046 4506 1109 4570 quo
1139 4493 1236 4547 veuto

184 4562 288 4625 ”mutu
301 4581 359 4625 nist.
373 4585 491 4637 flyutnxd
510 4587 561 4626 Lat.
576 4587 625 4635 sps.
978 4609 1008 4656 ¹5
