2850 5002
472 311 477 318 '
594 365 630 373 --
682 329 738 392 ros
784 367 822 376 -

139 490 287 546 utrumne
311 481 361 545 his
384 482 517 567 quidem
540 482 676 546 testibus
700 481 851 546 credetur
872 504 914 545 an
936 482 1018 547 haec
1045 482 1089 547 ad
1117 507 1181 547 rem
1205 509 1254 550 nor

138 577 325 669 pertinent?
348 606 413 648 non
434 582 480 646 M.
504 583 660 665 Octavio,
689 607 754 647 non
776 583 814 647 L.
840 584 975 668 Liguri?
1005 586 1065 668 (sc.
1090 586 1254 657 credetur?

15 763 16 768 ἵ
138 685 206 748 div.
228 685 260 767 2,
285 686 335 766 11,
357 685 399 748 26
421 684 568 750 naturale
597 685 655 769 (sc.
680 685 774 770 csse).
824 685 899 750 Liv.
922 686 976 768 40,
998 686 1040 751 26
1068 697 1101 752 et
1122 692 1254 774 praetori

137 787 199 852 bus
222 786 263 867 Q.
287 783 416 851 Petillio
439 795 472 850 et
495 787 535 867 Q.
552 782 656 852 Fabio
678 789 871 872 imperatum
896 799 945 853 est
967 797 1003 852 ut
1025 788 1172 856 Petillios
1193 791 1254 855 dua

136 888 280 973 legiones
305 887 538 971 —,seriberet;
567 888 672 954 Fabio
702 891 761 974 (sc.
792 890 987 976 imperatum
1016 891 1080 976 est)
1102 900 1139 955 ut
1159 901 1206 957 ctt.
1224 931 1254 940 -

137 989 220 1063 Sehr
242 988 374 1054 ahnlich
398 989 471 1053 sind
495 990 547 1054 die
570 989 837 1077 elliptischen
866 992 1129 1077 Frages'atzc,
1156 992 1254 1059 welch

139 1092 198 1155 mit
227 1113 271 1156 aa
300 1091 367 1154 und
396 1090 663 1176 hinzugefligtem
692 1097 728 1156 ct
756 1112 795 1157 aa
818 1094 895 1175 qnia
916 1096 1000 1175 qaod
1020 1095 1096 1160 dum
1111 1099 1254 1178 postqum

138 1193 325 1278 cingeleitct
348 1192 492 1257 werden:
518 1192 586 1257 Cic.
603 1191 673 1257 Mil.
689 1194 729 1258 37
753 1194 832 1278 qnid
854 1215 907 1258 me
927 1197 1080 1260 reducem
1102 1195 1254 1262 essevolc

136 1294 233 1358 istis?
256 1315 300 1360 aa
322 1300 357 1359 at
379 1293 581 1379 inspectante
602 1317 653 1358 me
677 1293 918 1380 expellerentur
940 1297 963 1359 ii
990 1319 1049 1384 per
1071 1319 1152 1383 quos
1172 1321 1254 1364 essen

136 1397 330 1462 restitutus?
353 1418 385 1481 p.
408 1397 480 1480 Lig.
503 1398 524 1461 5
546 1396 625 1483 quid
641 1395 841 1482 postulatis?
863 1420 908 1463 aa
922 1411 961 1463 rte
974 1399 1183 1483 ignoscatur?
1204 1399 1254 1463 dix

138 1501 166 1580 1,
189 1499 231 1563 36
262 1498 341 1584 quid
370 1499 472 1583 igitur
500 1499 748 1584 exspectamus?
782 1520 826 1564 aa
854 1501 929 1565 dum
957 1502 991 1564 in
1013 1500 1086 1565 foro
1108 1501 1254 1566 nobiscun

136 1599 182 1665 dii
200 1600 406 1664 immortales
430 1638 468 1646 -
497 1601 690 1665 versentur?
719 1600 758 1690 2,
778 1601 819 1666 57
848 1602 976 1686 quando
1011 1611 1118 1667 autem
1141 1602 1201 1667 ista
1219 1603 1254 1668 vi

136 1703 293 1766 evanuit?
328 1724 373 1767 aa
400 1707 569 1785 postquam
602 1700 748 1766 homines
777 1697 883 1766 minus
912 1700 1037 1768 creduli
1065 1724 1136 1767 csse
1162 1725 1254 1790 coepe

136 1802 236 1869 runt?
259 1841 299 1850 —
323 1801 414 1869 Sall.
437 1803 510 1868 Cat.
533 1803 588 1882 51,
615 1804 654 1866 21
685 1825 782 1889 quam
806 1804 847 1868 ob
871 1825 938 1866 rem
961 1825 1026 1867 non
1048 1803 1245 1870 addidistis

136 1907 225 1992 prius
248 1905 442 1970 verberibus
466 1905 500 1968 in
523 1925 577 1968 cos
600 1905 940 1970 animadverteretur?
964 1926 1009 1969 aa
1032 1908 1108 1987 quia
1130 1906 1183 1971 lex
1198 1906 1254 1970 Po:

135 2009 186 2072 cia
213 2008 326 2092 vetat?
348 2045 389 2093 ·‘.
412 2005 514 2071 Geli.
543 2006 574 2089 4,
602 2014 632 2088 9,
664 2007 703 2069 12
731 2029 789 2071 cur
816 2007 879 2071 ista
907 2007 1015 2071 omnia
1046 2030 1208 2093 nunquam
1237 2008 1254 2073 i

134 2111 277 2196 culpam,
303 2109 360 2174 sed
383 2110 417 2172 in
439 2107 569 2172 laudem
593 2106 767 2172 dicuntur?
798 2130 842 2173 aa
862 2114 1031 2191 propterea
1058 2111 1136 2191 quic
1157 2149 1197 2158 -
1216 2109 1254 2174 ac'

134 2211 297 2277 bibendus
320 2220 370 2274 est
393 2209 507 2274 modus
531 2209 663 2294 quidam
684 2210 915 2288 necessarius?
936 2248 978 2259 -
994 2210 1063 2274 Der
1086 2211 1254 2296 Singula

134 2315 179 2378 ist
200 2335 260 2378 aus
283 2313 356 2377 dem
373 2311 509 2375 Plural
529 2327 574 2375 'zu
596 2320 760 2395 ergannen
782 2311 835 2375 bei
845 2311 919 2396 Cic.
936 2310 1034 2377 Tusc.
1057 2314 1088 2393 5,
1111 2314 1133 2377 4
1152 2335 1248 2378 nume

135 2425 306 2500 motusque
328 2412 555 2478 tractabantur
581 2422 614 2476 et
639 2411 727 2478 unde
750 2413 858 2479 omnia
885 2423 1054 2478 orerentur
1077 2414 1139 2499 (sc.
1162 2422 1254 2479 traca

136 2519 253 2599 batur).
297 2517 366 2580 Aus
389 2515 462 2579 dem
484 2514 769 2605 persybnliehcn
792 2513 966 2580 Pritdicate
989 2515 1040 2581 ein
1063 2524 1254 2602 unpersiin

121 2618 235 2684 'liches
264 2640 306 2681 zu
334 2615 544 2681 entnchmen:
574 2615 657 2702 Nep.
685 2616 757 2681 Alc.
787 2619 817 2698 7,
846 2619 866 2682 3
894 2616 1072 2682 timebatur
1100 2618 1186 2682 enim
1211 2640 1254 2683 nc

134 2722 240 2785 minus
263 2741 360 2805 quam
383 2713 592 2803 diligebatur,
621 2740 660 2783 ne
682 2721 825 2782 secunda
847 2719 978 2806 fortuna
999 2720 1193 2805 magnisque
1207 2742 1254 2806 op·

135 2822 195 2886 bus
212 2821 316 2887 elatus
344 2819 553 2907 tyrannidem
575 2821 820 2905 concupisceret
843 2821 917 2903 (vor
938 2843 977 2886 aa
999 2822 1042 2887 ist
1065 2845 1106 2886 nu
1129 2821 1254 2886 denker

133 2946 208 2989 man
231 2923 395 2989 flirehtete
415 2920 583 3006 ndmlich).

47 3020 50 3026 ’
218 3027 250 3092 b.
274 3025 386 3110 nicht
407 3032 643 3109 congruent.
688 3023 751 3087 Die
774 3023 900 3111 Ellipse
922 3023 1024 3089 findet
1047 3035 1131 3091 statt

218 3151 250 3192 α.
272 3130 316 3192 im
340 3126 541 3191 Nachsatae:
567 3126 635 3190 Cic.
659 3126 714 3193 fin.
733 3127 765 3207 5,
788 3125 830 3188 22
852 3126 977 3210 quoties
1000 3125 1061 3191 hoc
1082 3127 1203 3210 agitur,
1224 3149 1254 3190 e·

132 3230 306 3317 quandonc
327 3228 392 3292 nisi
414 3228 686 3293 admirationibus
708 3227 883 3291 maximis?
906 3236 987 3291 orat.
1012 3227 1051 3290 14
1066 3232 1218 3314 quoniam
1232 3265 1254 3278 -

133 3333 166 3396 in
190 3354 227 3397 eo
250 3341 306 3397 aut
328 3329 412 3394 sitne
435 3339 492 3395 aut
513 3329 592 3416 quid
614 3330 658 3394 sit
680 3338 738 3394 aut
763 3329 858 3415 quale
881 3329 940 3409 sit,
968 3331 1151 3415 quaeritur:
1181 3331 1254 3396 sita

75 3426 80 3445 ’
134 3434 237 3519 signis
262 3435 320 3517 (sc.
337 3432 528 3518 quaeritur),
551 3430 631 3517 quid
648 3432 700 3511 sit,
724 3429 981 3513 definitionibus,
1005 3431 1102 3516 quale
1119 3433 1172 3516 sit,
1194 3454 1254 3497 ree

133 3535 293 3622 pravique
315 3534 474 3620 partibus.
507 3533 603 3596 Tuse.
628 3533 656 3612 1,
680 3534 699 3596 9
715 3533 771 3616 qui
786 3531 953 3599 discedere
970 3532 1117 3598 animum
1133 3555 1254 3600 censen

135 3636 193 3701 alii
216 3636 326 3700 statim
349 3634 513 3719 dissipari,
537 3634 592 3698 alii
616 3635 672 3698 diu
688 3656 889 3721 permanere,
912 3633 968 3699 alii
984 3656 1113 3721 semper
1128 3634 1188 3722 (sc.
1202 3657 1254 3701 ce:

133 3738 230 3823 sent).
277 3736 477 3819 Quintil.‘7‚
503 3738 531 3820 1,
555 3737 598 3802 34
627 3745 798 3802 accusatur
826 3728 1021 3822 Milo'quod
1044 3735 1195 3803 Clodium
1220 3759 1254 3801 o·

100 3849 102 3853 ’
133 3841 266 3924 ciderit3
300 3848 357 3904 aut
385 3838 464 3902 fecit
491 3848 547 3902 aut
577 3860 652 3902 non.
696 3838 866 3924 Optimum
894 3846 966 3914 erat¹
990 3858 1128 3922 negare3
1156 3841 1183 3904 si
1208 3855 1254 3902 nc

132 3952 239 4031 potest
262 3942 421 4026 (negare),
446 3940 566 4005 occidit
588 3961 682 4024 ergo:
710 3949 767 4003 aut
794 3941 864 4005 iure
885 3948 942 4003 ant
963 3940 1084 4005 iniuria
1107 3940 1168 4024 (sc.
1189 3956 1254 4004 occ

132 4046 197 4127 dit3
221 4045 278 4110 der
293 4042 479 4129 Hauptsatn
501 4042 640 4126 beginnt
662 4050 729 4105 erst
750 4042 804 4106 bei
827 4051 883 4106 aut
897 4041 992 4127 iure).
1027 4041 1098 4106 Nur
1114 4043 1165 4106 ein
1178 4039 1254 4105 The

132 4146 191 4211 des
214 4144 404 4211 Pradicates
426 4144 472 4208 ist
493 4167 536 4208 zu
559 4153 722 4228 ergltnzen
744 4142 798 4208 bei
821 4143 890 4208 Cic.
913 4154 981 4228 top.
1003 4143 1035 4223 2,
1062 4143 1102 4208 10
1123 4165 1196 4208 cum
1216 4138 1254 4203 le

131 4248 265 4313 assiduo
295 4246 458 4313 vindicem
486 4245 656 4340 assiduum
691 4267 762 4309 esse
796 4246 923 4326 iubeat,
961 4241 1156 4335 locupletem
1182 4241 1254 4308 iub¹

132 4347 286 4434 locupleti
309 4349 368 4432 (sc.
391 4348 555 4413 vindicem
577 4349 674 4432 csse).

217 4452 249 4534 β.
272 4451 306 4514 in
329 4448 590 4518 Relativsatzen:
618 4459 684 4536 top.
713 4448 775 4529 26,
792 4448 833 4512 98
862 4448 917 4533 qui
945 4447 988 4512 ad
1010 4446 1254 4534 persuadenda:
