2850 5002
594 324 740 388 -228
786 363 821 372 —

145 480 216 545 180.
240 478 316 544 iam.
342 478 392 559 10,
415 478 467 561 25,
490 478 510 540 2
533 477 629 543 video
652 488 760 543 autem
783 478 904 543 Planco
926 477 1076 562 consule,
1103 479 1160 543 etsi
1178 482 1246 545 etiem

143 579 214 645 sine
237 581 438 646 curationes
461 580 632 666 expeditas
655 579 803 662 haberes,
826 588 934 644 tamen
954 579 1194 667 splendidiorem
1210 604 1245 669 pe·
1286 648 1289 669 1

143 684 291 747 titionem
314 691 413 762 tuam,
437 679 584 746 simodo
607 681 671 744 ista
694 703 736 744 ex
751 682 912 745 sententia
927 681 1197 747 confecta-essent.
1215 681 1246 764 13,
1284 684 1289 773 l

145 785 173 865 1,
195 784 216 848 5
244 804 302 847 nec
333 782 463 847 dubitat
490 782 568 868 quin
597 804 657 866 ego
680 804 699 845 a
721 791 754 845 te
776 790 859 846 nutu
879 782 939 848 hoc
962 783 1116 871 consequi
1140 804 1246 870 possem,
1285 776 1289 827 l

142 885 270 950 etiamsi
294 882 526 950 aedificaturus
548 905 648 949 esses.
671 922 712 930 -
734 881 921 948 Auffallend
943 885 987 948 ist
1009 907 1041 970 p.
1064 884 1144 949 Mur.
1165 883 1248 966 25,50
1286 910 1289 947 ε

142 986 260 1071 quibus
282 985 381 1049 rebus
404 983 459 1071 qui
481 986 578 1049 timor
599 983 694 1049 bonis
717 985 867 1050 ommibus
886 986 1025 1049 iniectus
1042 985 1085 1049 sit
1099 993 1247 1071 quantaque

142 1085 328 1173 desperatio
361 1087 462 1173 reip,
494 1087 523 1150 si
549 1083 604 1149 ille
632 1085 738 1150 factus
767 1094 853 1150 esset
880 1084 1037 1168 (consul),
1071 1084 1167 1150 nolite
1183 1107 1199 1149 e
1214 1104 1247 1149 me
1274 1158 1277 1163 ¹

141 1186 338 1252 commoneri
361 1186 455 1251 velle.
489 1185 573 1251 Hier
594 1188 638 1254 ist
660 1187 739 1252 aber
761 1187 813 1251 die
836 1185 960 1251 directe
975 1185 1075 1251 Form
1098 1208 1133 1251 so
1147 1184 1247 1252 zuden-

141 1288 224 1352 ken:
247 1310 385 1373 magnus
408 1289 504 1353 timor
526 1289 675 1353 omnibus
698 1289 835 1353 iniectus
859 1296 919 1369 est,
943 1287 971 1351 si
992 1286 1049 1352 ille
1070 1286 1171 1354 factus
1189 1294 1249 1353 esset

143 1387 235 1474 („fiir
256 1389 320 1453 den
342 1387 425 1471 mall,
449 1389 524 1454 dass
548 1411 582 1453 er
605 1388 726 1455 Consul
749 1380 928 1471 wurde“).'

227 1491 256 1554 9.
281 1490 620 1556 Concessivsatze
643 1490 716 1554 sind
739 1513 801 1555 nur
816 1491 875 1554 mit
890 1511 1096 1574 quamquam,
1118 1489 1248 1556 nichtmit

142 1592 292 1677 quamvis
320 1592 514 1656 beobachtet
541 1590 689 1656 worden:
723 1591 801 1656 fam.
828 1593 859 1676 5,
886 1592 954 1674 20‚'
969 1592 992 1681 2
1016 1591 1189 1679 respondeo
1207 1590 1248 1672 me,

142 1715 271 1779 quamq.
300 1692 395 1757 iustis
424 1691 465 1755 de
488 1693 594 1755 causis
616 1694 757 1757 rationes
785 1693 907 1775 referre
929 1695 1145 1777 properarem,
1169 1703 1196 1757 te
1212 1713 1247 1756 ex·

141 1803 362 1879 spectaturum
385 1792 498 1875 fuisse,
522 1794 586 1857 nisi
609 1803 666 1858 ctt.
710 1793 793 1859 Liv.
810 1795 841 1876 6,
867 1797 915 1874 12,
938 1793 1081 1859 4simile
1096 1796 1249 1859 veriest-

129 1912 206 1959 'mon
228 1879 270 1958 eir
292 1893 409 1958 iisdem
432 1915 559 1980 semper
581 1894 709 1981 populis
733 1895 895 1960 exercitus
911 1897 1061 1982 scriptos,
1085 1917 1205 1983 quamq.
1216 1914 1248 1959 et·

141 1998 214 2062 dem
245 2017 374 2082 semper
401 2017 482 2080 gens
509 1994 631 2060 bellum
658 1995 816 2059 intulerit.
846 2035 884 2043 —
914 1997 982 2061 Cic.
1011 1996 1090 2060 fam.
1119 1997 1163 2078 13,
1184 1992 1252 2077 76,1.

140 2120 198 2164 vos
222 2098 301 2162 mihi
323 2098 438 2184 optimi
460 2105 559 2160 testes
591 2096 684 2179 estis,
714 2119 843 2183 quamq.
866 2096 945 2162 mihi
971 2119 1164 2184 persuasum
1183 2100 1249 2173 esset

140 2199 221 2265 nihil
243 2221 325 2280 esse,
349 2198 436 2285 quod
459 2222 478 2262 a
500 2197 594 2262 vobis
617 2199 791 2285 impetrare
806 2220 871 2263 nom
885 2220 1028 2286 possem,
1052 2218 1207 2285 nunquam
1217 2212 1250 2258 mt

139 2311 248 2366 tamen
270 2321 404 2386 gravem
427 2298 522 2364 vobis
545 2319 616 2362 esse
639 2297 793 2364 voluisse.

225 2401 289 2465 Die
311 2399 424 2485 Regel,
448 2399 570 2464 welche
592 2401 636 2463 im
657 2401 813 2485 Aufenge
836 2400 893 2465 des
915 2400 1150 2488 Peragraphen
1168 2399 1249 2484 ausge-

140 2500 229 2568 stellt
250 2503 304 2583 ist,
326 2501 388 2586 gilt
409 2500 569 2565 natiirlich
593 2501 676 2564 auch
699 2502 750 2583 da,
773 2526 823 2569 wo
847 2501 899 2565 die
913 2501 1125 2567 Nebenstttze
1145 2501 1250 2567 zueitm

141 2602 269 2668 Grades
306 2602 340 2665 im
376 2601 547 2667 derselben
584 2602 722 2668 Periode
759 2589 1048 2669 verschiedene
1086 2604 1265 2690 Tempore·

139 2704 257 2769 haben.
280 2702 355 2767 Den
367 2702 482 2770 Grund
505 2706 561 2768 des
584 2703 886 2790 Tempuswcohsels
909 2703 1051 2769 erkennt
1071 2728 1148 2770 man
1166 2702 1249 2781 sotor,

32 2814 35 2836 '
139 2826 234 2870 wenn
256 2827 332 2869 man
348 2805 400 2870 die
415 2800 622 2871 Nebensdtze
645 2815 777 2869 ersten
793 2806 920 2872 Grades
940 2807 974 2870 in
990 2807 1190 2894 Hauptsittae
1202 2822 1248 2870 ver

138 2906 291 2973 wandelt.
334 2905 465 2971 Reusch
493 2907 581 2971 citirt
608 2909 708 2971 noch:
742 2907 810 2972 Oie.
834 2907 928 2971 Verr.
960 2907 1007 2990 ΙΙ,
1034 2909 1062 2991 1,
1089 2907 1129 2972 10
1149 2921 1248 2995 possum

139 3009 182 3074 ad
205 3019 386 3072 extremum
408 3008 517 3072 dicere
532 3008 673 3073 Dionem
695 3009 879 3073 sestertium
902 3007 1011 3074 decies
1034 3019 1169 3075 centena
1187 3003 1248 3073 milit

139 3096 335 3190 numerasse,
358 3119 394 3174 ut
413 3131 543 3174 causam
559 3111 773 3181 certissimam
789 3111 945 3199 obtineret,
969 3119 1141 3198 praeterea
1154 3100 1248 3194 argenti

138 3212 303 3297 vestisque
327 3212 507 3295 stragulae,
536 3210 622 3297 quod
643 3211 750 3292 fuerit,
774 3213 872 3276 istum
900 3234 1033 3277 curasse
1055 3210 1246 3277 auferendum·

138 3313 170 3395 3,
193 3313 234 3377 63
263 3311 362 3376 doceo
389 3312 491 3399 pluris
520 3311 686 3398 aliquanto
715 3315 860 3398 potuisse
887 3323 920 3397 te
947 3312 1093 3378 vendere
1114 3305 1246 3400 nequeiit

139 3412 282 3478 voluisse
302 3423 334 3476 te
348 3413 511 3495 addicere,
535 3416 590 3500 qui
605 3423 717 3480 contra
731 3415 914 3500 Apronium
930 3416 1106 3499 dicerentur,
1129 3423 1159 3480 et
1171 3413 1246 3499 Apro

138 3515 193 3578 nio
227 3514 329 3580 multo
357 3516 493 3579 minoris
523 3539 619 3602 quam
645 3516 717 3580 aliis
740 3519 882 3599 potueris
910 3514 1069 3599 vendere,
1104 3515 1245 3581 addinsu

139 3617 179 3680 de
201 3637 247 3681 or.
270 3617 300 3700 2,
323 3617 371 3683 47.
393 3616 493 3683 nolite
522 3618 709 3682 existimare
736 3638 788 3680 me
816 3620 939 3702 ipsum,
969 3617 1026 3703 qui
1053 3640 1120 3682 non
1145 3616 1245 3681 heroum

137 3727 265 3782 veteres
289 3739 383 3783 casus
406 3717 503 3784 velim
526 3720 646 3783 imitari
669 3740 773 3805 neque
796 3727 887 3782 actor
906 3720 966 3782 sim
981 3717 1107 3783 alienae
1121 3726 1262 3804 persomt'

137 3818 196 3884 sed
218 3828 331 3884 auctor
352 3842 454 3900 meae,
478 3843 551 3886 cum
573 3819 653 3885 mihi
674 3821 733 3885 Μ’.
754 3818 907 3906 Aquilius
929 3821 965 3883 in
986 3820 1121 3884 civitate
1140 3817 1243 3882 retiner

138 3919 199 3984 dus
221 3924 305 4002 esset,
329 3942 412 4007 quae
434 3922 467 3983 in
491 3922 547 3985 illa
569 3945 668 3987 causa
690 3921 874 4009 peroranda
893 3922 1036 4003 fecerim,
1065 3921 1135 3986 sine
1157 3928 1242 3999 megssl

137 4019 248 4086 dolore
270 4020 399 4086 fecisse.
421 4023 498 4087 fam.
520 4023 550 4103 3,
574 4022 603 4104 9,
629 4025 641 4085 1
668 4025 707 4087 iis
722 4023 840 4088 litteris
855 4021 950 4086 lectis
964 4023 1105 4106 cognovi
1118 4010 1240 4086 intellexi·

138 4144 199 4208 que
222 4121 323 4205 (Pers.
347 4122 427 4208 leg.)
451 4124 485 4187 in
507 4123 677 4209 provincia
698 4122 817 4190 multos
839 4124 942 4188 fuisse
965 4124 1109 4210 quinos,
1131 4109 1239 4208 quosnl·

136 4246 189 4288 mo
212 4224 377 4288 internos
401 4240 523 4307 sumus,
547 4246 618 4288 esse
640 4226 765 4307 nollent,
788 4225 831 4288 ad
853 4227 968 4290 urbem
991 4246 1069 4290 vero
1091 4234 1126 4289 ut
1143 4228 1258 4288 etms

136 4327 184 4389 rt's
205 4322 258 4388 vel
281 4325 389 4409 potius
413 4334 449 4390 ut
471 4327 612 4412 primurn
635 4336 706 4390 tuos
728 4328 858 4407 uideris,
887 4347 1045 4412 cognosse
1066 4346 1108 4391 ex
1128 4323 1174 4403 iis,
1193 4326 1235 4400 <1¹¹⁸

137 4426 172 4489 in
193 4434 226 4489 te
247 4425 311 4489 fide
330 4426 471 4507 fuissem.
494 4426 525 4507 5,
550 4426 580 4507 8,
603 4428 623 4492 3
646 4429 687 4492 dc
701 4450 753 4492 me
775 4430 821 4494 sic
838 4428 1005 4494 existimes
1023 4424 1128 4511 velim,
1149 4440 1196 4503 me,
1210 4414 1234 4473 ll
