2850 5002
485 309 554 383 “-
597 334 657 399 aar
702 370 743 382 -

111 484 267 553 §werden
288 487 372 553 eben
400 510 435 553 so
458 490 581 574 wenig,
604 489 667 551 wie
688 485 810 550 andere
832 485 974 550 Klassen
997 484 1056 549 der
1077 482 1204 551 Neben-

111 596 176 671 sa,
193 611 252 655 von
273 588 350 655 dem
364 590 578 675 regierenden
597 589 755 654 Praesens
778 587 835 653 des
852 587 1072 673 Hauptsatzes
1095 587 1203 651 becin-

111 700 175 756 rsst.
213 689 266 756 sie
286 688 394 756 haben
417 689 485 755 also

156 864 181 907 a
200 840 495 931 Haupttempor
506 865 539 907 a:
563 845 657 908 Roso.
672 845 746 908 Am.
763 844 801 906 14
813 864 890 928 ergo
902 840 983 904 illud
1002 843 1067 905 iam
1081 841 1205 928 perspi·

113 944 314 1029 unprofecto
336 953 397 1026 est,
421 947 451 1009 si
467 967 571 1031 neque
582 967 692 1009 amens
710 953 802 1031 pater
824 966 929 1030 neque
946 941 1093 1030 perditus
1117 942 1203 1006 tilius

111 1047 286 1132 scitusque
298 1044 503 1110 odiicausam
517 1047 602 1133 patri
609 1067 714 1131 neque
728 1046 860 1121 sceleris
871 1044 944 1123 filioss
951 1044 1062 1111 fuisse.
1075 1045 1128 1108 fin.
1144 1046 1171 1123 1,
1187 1045 1204 1107 7

111 1144 182 1211 ibes
207 1146 239 1211 si
269 1144 369 1212 semel
396 1145 520 1232 aliquid
543 1145 617 1210 falsi
644 1169 702 1233 pro
725 1168 803 1211 vero
826 1146 998 1234 probatum
1022 1146 1074 1226 sit,
1097 1144 1204 1208 subla-

111 1268 144 1309 m
164 1268 230 1312 esse
258 1268 354 1313 omne
384 1247 540 1312 iudicium
568 1249 639 1311 veri
667 1257 700 1312 et
722 1247 800 1311 falsi
822 1256 925 1333 putat.
947 1270 979 1333 p.
1003 1246 1144 1311 Caecina
1165 1246 1206 1310 33
1317 1298 1321 1306 .

111 1348 177 1412 aeri
189 1347 251 1415 hoc
266 1346 372 1415 solere
387 1371 437 1413 me
452 1371 517 1414 non
532 1348 698 1436 praeterit,
722 1348 872 1435 quemad
889 1348 1032 1428 modum,
1049 1348 1076 1410 si
1088 1347 1206 1411 civitas

111 1447 358 1534 ininonpossit,
374 1450 409 1513 in
424 1448 567 1516 colonias
583 1450 716 1515 Latinas
732 1471 828 1535 saepe
844 1450 948 1513 nostri
964 1449 1052 1513 cives
1070 1448 1207 1531 profecti

111 1557 150 1613 it.
159 1548 230 1615 iam.
244 1550 295 1632 13,
308 1550 361 1633 29,
374 1552 392 1615 7
404 1549 466 1616 hoc
477 1551 557 1615 mihi
569 1549 668 1615 velim
680 1550 807 1631 credas,
820 1550 848 1614 si
861 1548 940 1635 quid
952 1550 1085 1613 fecerim
1100 1550 1206 1612 minus

111 1704 113 1709 .
135 1650 273 1717 Caesaris
288 1650 468 1736 voluntate,
490 1652 524 1715 id
541 1650 658 1716 fecisse
674 1652 810 1716 aliorum
826 1649 971 1715 consilio.
995 1649 1088 1714 Verr.
1109 1651 1139 1730 5,
1155 1651 1206 1733 51,

111 1750 147 1814 4.
154 1752 199 1817 off.
206 1753 238 1836 3,
252 1753 301 1837 13,
313 1753 367 1819 54.
379 1776 410 1841 p.
419 1752 515 1818 anc.
529 1752 568 1817 12
583 1775 714 1840 quaero,
727 1752 755 1816 si
771 1762 803 1817 te
818 1750 1206 1838 hodie-prohibuerint,

110 1850 153 1915 ,id
163 1863 291 1919 acturus
307 1852 419 1919 fueris.
431 1892 473 1902 —
483 1854 548 1919 Mit
558 1857 622 1934 etsi,
639 1856 762 1919 etiamsi
773 1853 841 1919 und
854 1855 993 1919 tornetsi:
1008 1851 1085 1918 fani·
1097 1853 1128 1934 3,
1140 1853 1172 1935 5,
1191 1853 1206 1914 1
1298 1916 1304 1923 .

110 1953 296 2039 ribisenim,
319 1976 404 2042 quae
426 1955 468 2020 de
482 1957 601 2021 nostris
617 1955 734 2021 officiis
751 1954 794 2020 ad
809 1965 841 2020 te
857 1954 1053 2041 scripserim,
1069 1954 1132 2018 etsi
1148 1952 1208 2017 tibi

110 2057 208 2121 :unda
220 2057 353 2141 fuerint,
365 2065 475 2122 tamen
485 2081 550 2124 non
561 2058 744 2122 necessaria
756 2066 936 2143 teputassc.
953 2056 984 2137 o,
996 2055 1047 2136 21,
1059 2055 1209 2140 2magna

110 2150 158 2221 im
169 2156 345 2224 consolatio
362 2167 422 2243 est,
445 2182 518 2224 cum
534 2158 716 2241 recordare,
734 2158 861 2223 etiamsi
876 2179 969 2221 secus
985 2156 1154 2234 acciderit,
1177 2164 1209 2219 te

110 2276 177 2355 men
187 2268 273 2324 recte
289 2280 430 2345 vereque
446 2262 599 2326 sensisse.
615 2259 678 2344 leg.
701 2260 790 2323 Man.
803 2261 824 2324 5
836 2259 926 2324 cuius
939 2258 1010 2345 ipso
1023 2259 1166 2324 adventu
1178 2268 1210 2323 et

110 2359 204 2443 mine,
226 2359 358 2425 tametsi
380 2360 435 2426 ille
456 2362 499 2427 ad
514 2363 716 2447 maritimum
733 2362 853 2426 bellum
867 2362 1006 2439 venerit,
1028 2370 1138 2425 tamen
1152 2360 1210 2424 im-

111 2464 164 2525 tas
183 2461 325 2529 hostiurn
347 2484 511 2549 repressos
535 2485 606 2529 esse
632 2461 829 2548 intelligunt.
856 2485 923 2549 rep.
949 2465 978 2544 1,
1002 2463 1020 2526 7
1044 2484 1125 2548 quos
1149 2483 1209 2547 ego

111 2556 233 2648 istimo,
268 2564 397 2629 etiamsi
429 2566 487 2650 qui
513 2565 578 2651 ipsi
605 2587 705 2651 remp.
735 2586 799 2629 non
828 2564 1007 2648 gesserint,
1040 2572 1148 2627 tamen
1171 2602 1209 2612 -

110 2674 195 2729 nctos
216 2686 289 2730 esse
310 2663 419 2751 aliquo
442 2666 523 2752 reip.
546 2687 689 2729 munere.
719 2666 759 2729 de
788 2665 855 2729 div.
879 2666 908 2745 2,
932 2664 973 2729 35
996 2664 1212 2751 existimoque

110 2778 312 2851 *augurum
335 2766 397 2831 etsi
419 2765 632 2834 divinationis
656 2767 808 2852 opinione
823 2766 984 2852 principio
1000 2768 1209 2831 constitutum

111 2908 131 2943 ‚
149 2876 253 2931 tamen
274 2876 388 2952 postea
411 2869 490 2955 reip.
514 2852 613 2933 caiisa
635 2876 861 2934 conservatum
884 2889 922 2931 ao
944 2875 1115 2931 retentum.

154 3019 185 3084 b.
208 3018 550 3105 Ncbentempora:
572 3044 603 3106 p.
628 3020 769 3084 Caecina
793 3021 832 3084 12
854 3018 984 3106 quando
1006 3019 1053 3083 ita
1075 3018 1157 3083 dicis
1180 3028 1213 3083 et

109 3140 122 3179 r.
141 3121 325 3185 constituis:
347 3122 377 3186 si
398 3120 549 3200 Caecina,
573 3144 645 3187 cum
668 3122 702 3184 in
724 3120 827 3185 fundo
850 3130 945 3202 esset,
968 3120 1045 3184 inde
1068 3118 1212 3185 deiectus

109 3231 167 3304 set,
188 3230 258 3287 tum
282 3260 322 3270 -
345 3244 419 3287 eum
440 3223 569 3288 restitui
591 3224 785 3308 oportuisse.
808 3246 840 3309 p.
863 3221 973 3286 Plano.
991 3221 1032 3285 36
1055 3223 1142 3286 vinci
1157 3244 1212 3286 an-

109 3340 139 3385 ιι
156 3322 322 3411 improbos
344 3344 365 3387 a
385 3321 480 3388 bonis
507 3322 613 3389 fateor
627 3322 729 3387 fuisse
744 3323 957 3411 praeclarum,
981 3323 1008 3386 si
1029 3322 1124 3388 finem
1140 3345 1214 3387 enm

109 3415 223 3490 nccridi
245 3423 403 3490 viderem.
427 3424 504 3489 fam.
523 3426 571 3505 15,
594 3428 626 3507 4,
652 3426 690 3488 12
713 3428 806 3492 mitto
830 3423 917 3511 quod
939 3424 1098 3489 invidiam
1121 3464 1161 3473 -
1184 3426 1213 3489 si

110 3542 134 3588 1·
151 3548 200 3591 me
216 3523 378 3619 dionisset,
401 3526 511 3590 subire
533 3527 759 3611 paratissimus
783 3526 896 3590 fueris.
941 3525 1015 3590 Liv.
1038 3526 1067 3606 3,
1098 3528 1147 3608 19,
1175 3527 1213 3590 12

109 3636 229 3692 mntem
250 3625 431 3714 periculum
455 3627 497 3692 ab
519 3626 584 3692 illis
606 3628 736 3714 populis
758 3629 872 3711 fuerit,
903 3629 928 3691 si
953 3628 1150 3712 Capitolium
1172 3628 1215 3692 ab

109 3726 222 3794 :olibas
245 3728 415 3794 obsessum
438 3729 584 3811 scissent,
608 3730 768 3816 suspicari
798 3729 838 3794 de
862 3729 1038 3816 praeterito
1061 3751 1157 3813 qnam
1179 3753 1215 3792 re

109 3844 150 3891 sa
172 3829 328 3918 experiri
342 3840 393 3895 est
420 3828 546 3894 melius.
579 3853 610 3915 p.
636 3829 728 3895 Sulla
750 3832 767 3894 7
791 3832 819 3894 si
842 3830 902 3895 hoo
925 3829 987 3893 tibi
1010 3829 1100 3910 dem,
1128 3831 1214 3915 quod

109 3926 165 3994 edi
183 3951 248 3996 non
269 3940 387 4017 potest,
408 3933 474 3996 nisi
495 3952 555 4015 ogo
578 3932 653 3995 huic
680 3931 843 4016 adessem,
870 3931 928 3996 hos
957 3929 1128 3994 adfuturos
1150 3953 1215 3993 non

109 4026 186 4094 [iste.
213 4055 244 4119 p.
266 4030 339 4097 Mil.
370 4032 418 4116 18,
446 4034 498 4096 47.
527 4032 604 4097 fam.
639 4034 665 4115 1,
690 4034 718 4112 9,
742 4034 781 4096 21
812 4032 853 4096 de
876 4053 939 4118 quo
962 4033 1010 4095 sic
1032 4031 1129 4095 velim
1153 4042 1215 4095 sta-

109 4143 167 4210 tvs,
183 4154 233 4197 me
253 4132 333 4199 hooc
356 4131 470 4198 eadem
493 4156 662 4199 sensurum
691 4133 804 4213 fuisse,
827 4136 854 4198 si
869 4133 947 4196 mihi
963 4134 1093 4215 integra
1108 4134 1217 4197 omnia

109 4246 132 4288 c
154 4227 243 4299 libera
269 4235 420 4300 fuissent.
463 4234 556 4299 Nach
585 4237 641 4299 etsi
667 4236 734 4298 und
758 4236 897 4300 miserest:
930 4233 1023 4297 Verr.
1053 4232 1098 4317 II,
1124 4236 1152 4317 l,
1174 4235 1217 4298 42

109 4344 172 4407 tuto
187 4354 238 4397 sua
259 4345 375 4423 sponte
397 4334 556 4401 scelerata
579 4359 617 4401 ac
639 4336 767 4400 nefaria
782 4346 841 4416 est,
865 4344 901 4399 ut
924 4334 1052 4397 etiamsi
1076 4335 1130 4399 lox
1152 4357 1216 4399 non

109 4436 185 4511 met,
201 4454 310 4521 magno
332 4458 431 4523 opere
453 4437 590 4501 vitanda
612 4438 720 4503 fuerit.
745 4440 775 4522 3,
799 4440 851 4520 71,
879 4436 946 4500 166.
971 4433 1012 4498 de
1034 4460 1081 4501 or.
1111 4440 1141 4516 3,
1163 4439 1216 4524 411,

155 4534 267 4595 onom
279 4549 340 4590 nina
353 4547 444 4599 syntax
456 4549 479 4590 o.
494 4550 545 4589 ras.
559 4550 609 4598 sps.
960 4544 991 4591 16
