2850 5002
425 337 658 404 —307—

162 488 228 554 ·l).
272 487 341 553 Die
363 487 472 552 Ferm
493 485 558 551 der
580 485 744 553 directcn
768 489 894 571 Frage.

123 658 176 723 55.
200 650 264 720 Die
286 656 441 720 directe
464 654 573 739 Frage
595 646 679 720 stelit
699 656 857 721 auweilen
881 658 934 741 da,
960 681 1009 722 wc
1031 682 1107 723 man

120 779 159 822 es
184 756 471 841 voraufgehenden
493 755 689 842 Imperativs
713 757 801 821 eines
825 758 1004 840 Verbums,
1032 760 1107 823 wel-

121 881 197 943 gen
224 857 305 922 oder
327 857 456 922 Sehen
484 854 653 940 bedentet,
682 857 736 921 die
758 858 961 924 indirecte
989 861 1107 944 Frage·

120 968 240 1026 uertet.
286 958 433 1024 Saliener
458 959 503 1021 ist
530 958 600 1022 dies
632 957 691 1021 der
712 957 801 1040 Fall,
835 983 928 1024 wenn
952 962 1003 1024 ein
1027 960 1108 1025 Ver-

120 1092 123 1122 ι
147 1062 325 1145 Fragens
349 1058 555 1143 vcraufgeht.
588 1062 653 1123 Am
667 1058 975 1143 gebrauchlichsten
997 1084 1106 1125 waren

120 1171 177 1228 tae
203 1163 238 1226 in
265 1161 324 1225 der
346 1160 491 1247 Sprache
522 1159 579 1224 des
607 1158 786 1245 geselligen
810 1161 995 1245 Verkehrs,
1025 1185 1107 1226 wes-

139 1261 342 1328 Kcmiker
364 1263 415 1326 sie
437 1259 615 1330 besonders
638 1259 686 1324 oft
708 1262 898 1327 anwenden.

120 1373 180 1429 ut.
209 1364 330 1449 Amph.
356 1365 383 1443 l,
408 1364 437 1443 1,
460 1361 521 1424 221
549 1360 695 1448 loquere,
725 1363 804 1447 quid
826 1364 972 1428 venisti?
1010 1365 1104 1429 Asin.

135 1466 205 1546 dic,
239 1463 318 1551 quid
345 1485 396 1527 me
427 1483 564 1548 aequom
594 1484 706 1526 censes
733 1484 793 1545 pre
822 1462 880 1526 illa
907 1465 970 1529 tibi
1004 1464 1105 1530 dare?

139 1568 171 1651 2,
193 1567 231 1630 31
258 1564 421 1650 eloquere,
444 1564 522 1648 quid
546 1562 621 1628 vis?
644 1563 719 1627 Cas.
740 1565 770 1643 5,
792 1566 824 1647 4,
847 1565 960 1650 9quin
976 1587 1105 1652 respen-

137 1668 217 1753 quid
246 1666 402 1731 factumst
423 1662 544 1750 pallio?
589 1664 681 1727 Pers.
703 1664 734 1746 2,
757 1665 788 1746 3,
811 1665 852 1730 33
879 1688 956 1749 erge
978 1664 1040 1731 hoc
1063 1669 1107 1730 mi

120 1791 181 1856 quo
203 1768 276 1853 agis
299 1769 353 1831 te?
376 1767 460 1830 Rud.
482 1765 515 1847 4,
537 1766 569 1848 3,
592 1765 633 1829 63
655 1766 808 1847 videsis,
832 1768 947 1852 quoius
970 1765 1106 1831 arbitra-

125 1873 178 1936 vis
210 1869 343 1948 facere?
386 1866 481 1931 Eben
514 1889 550 1932 sc
580 1868 632 1932 bei
658 1867 798 1931 Terenz.
827 1905 864 1913 --
894 1866 988 1931 Mehr
1015 1868 1107 1952 giebt

120 1971 157 2053 lI,
180 1969 214 2035 S.
241 1970 315 2034 236
332 1967 379 2053 fg.
422 1967 581 2051 Weniger
610 1967 759 2051 auffttllig
787 1968 831 2031 ist
852 1990 902 2051 es,
931 1991 1025 2033 wenn
1048 1970 1106 2033 das

119 2069 227 2136 ieendi
254 2068 426 2134 innerhalb
454 2068 512 2132 des
535 2068 750 2152 Fragesatzes
779 2069 859 2132 eder
886 2069 993 2133 hinter
1016 2070 1104 2134 dem-

120 2172 194 2237 eht:
216 2170 267 2235 Pl.
282 2169 404 2256 Amph.
423 2172 451 2251 l,
476 2171 504 2251 1,
526 2169 589 2234 265
604 2169 702 2254 signi,
726 2168 790 2252 dic,
812 2170 979 2257 quidest?
1002 2172 1104 2236 Pecu.

144 2273 222 2360 quid
251 2270 300 2335 illi
328 2271 428 2335 locuti
456 2281 532 2335 sunt
553 2271 639 2335 inter
661 2272 718 2335 se?
742 2271 795 2335 dic
816 2271 905 2335 mihi.
929 2272 1020 2335 'Prin
1046 2272 1107 2336 174

120 2385 130 2440 t
151 2374 295 2440 officium
318 2394 425 2436 meum
446 2394 498 2436 me
519 2372 651 2438 faeere?
667 2364 726 2436 'fac
749 2375 859 2437 sciam.

122 2527 130 2541 .
154 2477 210 2543 fin.
233 2476 264 2557 2,
287 2474 330 2538 34
352 2495 471 2559 quaere
494 2473 535 2537 de
558 2483 589 2538 te
604 2476 716 2556 -qui
741 2485 879 2560 pessunt
900 2497 971 2540 esse
995 2478 1106 2541 beati?

131 2580 162 2661 6,
187 2578 226 2641 18
249 2577 278 2640 si
301 2577 374 2661 quis
395 2585 542 2661 quaerat,
565 2575 653 2639 unde
674 2575 854 2640 habemus?
888 2577 952 2660 (we
974 2577 1106 2641 Ernesti

121 2700 259 2745 cemann
282 2678 474 2761 corrigiren:
497 2677 692 2757 habeamus.)
740 2675 831 2740 Lael.
856 2677 908 2757 25,
931 2676 972 2741 96
993 2679 1104 2740 memi-

120 2820 123 2829 ·
150 2802 247 2863 quam
271 2778 436 2865 popularis
460 2777 513 2840 lex
536 2777 577 2841 de
600 2777 844 2857 sacerdotiis-O.
861 2778 979 2842 Licinii
995 2778 1106 2843 Crassi

120 2884 153 2946 r!
177 2905 209 2967 p.
232 2881 302 2945 Mil.
328 2879 365 2944 18
388 2879 513 2958 videte,
537 2877 678 2959 iudices,
707 2888 847 2965 quantae
869 2900 920 2942 res
941 2880 992 2943 his
1015 2882 1103 2944 testi·

120 2993 190 3048 sunt
218 2981 274 3067 (al.
304 2983 385 3066 sint)
414 2979 591 3047 confectae.
628 2980 670 3044 ad
692 2980 762 3043 Att.
786 2980 816 3063 8,
843 2980 892 3063 13,
915 2981 936 3043 2
958 2990 991 3043 et
1012 2982 1102 3046 vide:

123 3106 242 3151 nversa
263 3106 315 3147 res
339 3092 389 3146 est
404 3081 501 3164 (ohne
516 3081 698 3165 Varianis).
720 3081 798 3144 fam.
816 3083 845 3165 7,
859 3082 880 3144 4
895 3082 989 3147 vides
1007 3083 1103 3166 enim,
1238 3121 1243 3131 -

120 3196 186 3273 ¹eost
212 3208 279 3249 una
299 3183 401 3248 futuri
431 3184 557 3246 sumus!
587 3183 674 3265 (ced.
698 3181 803 3266 Med.)
824 3181 911 3246 Liv.
937 3185 964 3265 1,
987 3184 1039 3263 32,
1065 3187 1099 3248 ll

120 3288 182 3375 puid
203 3285 341 3351 censes?

120 3404 289 3470 resische
311 3404 496 3469 Dichter:
543 3402 635 3485 Virg.
658 3400 718 3464 ecl.
741 3404 772 3484 4,
795 3402 837 3465 52
860 3403 1002 3487 adspice,
1025 3426 1103 3469 ven·

120 3516 221 3573 antur
243 3504 299 3588 (al.
321 3504 496 3586 laetentur)
520 3513 556 3566 ut
578 3503 687 3567 omnia
709 3501 830 3566 saeclo!
860 3504 892 3586 5,
915 3490 935 3566 6
958 3504 1102 3591 adspice,

120 3631 151 3672 m
173 3607 335 3672 silvestris
358 3606 442 3670 raris
464 3605 586 3688 sparsit
608 3602 759 3668 labrusca
781 3605 928 3669 racemis.
965 3606 1048 3669 Aen.
1071 3609 1102 3690 6,
1171 3681 1174 3684 Δ

120 3709 254 3775 iuvenes
271 3717 410 3794 quantas
426 3715 600 3786 ostentant,
623 3705 767 3792 adspice,
790 3706 891 3771 vires!
915 3706 978 3770 780
992 3707 1102 3791 viden,

120 3833 173 3875 rae
195 3819 283 3875 stant
305 3811 426 3872 vertice
449 3808 582 3872 cristae!
606 3807 668 3872 856
687 3808 830 3893 adspice,
854 3816 890 3871 ut
904 3806 1101 3892 ingreditur!

120 3936 136 3978 ι.
151 3934 216 3977 am.
239 3912 270 3994 3,
295 3911 355 3975 115
370 3910 515 3995 adspice,
538 3931 622 3995 quae
637 3930 723 3972 nunc
738 3917 814 3972 sunt
830 3907 991 3992 Capitolia
1005 3931 1102 3994 quae·

120 4013 197 4078 unt!
273 4054 275 4058 -

120 4141 221 4197 ltere
242 4130 479 4196 Prosaiker:
525 4129 599 4194 Seu.
624 4151 672 4215 ep.
696 4128 749 4208 51,
775 4129 811 4190 ll
838 4125 981 4213 adspice,
1004 4152 1101 4215 quam

120 4257 159 4299 un
192 4232 375 4316 elegerunt,
408 4231 527 4318 quibus
560 4231 710 4294 aedificia
745 4230 971 4292 excitaverunt
1007 4228 1100 4296 locis!

141 4336 162 4399 9
188 4335 319 4414 vidisti,
350 4355 455 4413 soror,
484 4341 604 4418 quanta
631 4334 665 4396 in
693 4330 788 4393 dome
810 4332 919 4395 iacent
939 4339 972 4394 et
993 4330 1103 4416 qualia

144 4457 227 4524 quae
250 4437 433 4520 praenitent
454 4443 577 4515 vestes,
610 4455 691 4519 quae
717 4431 923 4516 splendicant
944 4453 1101 4519 gemmae,

120 4549 156 4580 er.
181 4537 242 4579 mut.
256 4536 346 4588 Syntax
359 4537 381 4579 d.
395 4537 436 4580 lat.
451 4538 499 4586 spr.
842 4541 874 4591 21
