2850 5002
593 411 632 422 -
677 374 740 440 492
786 413 824 424 -

135 526 167 607 3,
190 527 232 591 30
251 528 315 610 fiac
336 529 413 595 anni
436 561 477 584 =
499 551 584 593 anno
613 530 780 610 exeunte).
819 528 927 593 Ourt.
955 520 987 612 3,
1019 529 1050 613 3,
1079 529 1099 592 6
1126 531 1161 594 ia
1185 530 1294 616 prin

135 627 219 715 cipio
242 630 346 713 regni.
382 630 413 713 5,
440 633 469 712 1,
493 630 512 695 8
535 631 569 694 16
591 653 640 716 pr.
662 652 781 695 rerum.
815 635 846 713 ξ.
869 631 911 696 38
932 631 968 695 16
989 630 1158 718 principio.
1188 633 1214 712 6,
1233 633 1294 700 Β

134 732 165 794 4.
199 730 292 796 Lact.
317 732 346 814 7,
370 733 399 811 3,
422 732 474 797 23.
507 732 536 813 7,
560 732 612 813 26,
636 733 664 796 1.

220 831 317 896 Wird
346 832 399 897 die
427 833 560 897 Dauer
594 833 664 898 der
691 834 979 921 Amtsperiode
1007 835 1206 916 bezeichnet,
1229 859 1294 908 so

134 957 211 1018 mag
232 936 267 1000 ia
289 966 331 988 =
352 937 440 1000 intro
463 937 544 1019 6616,
567 934 636 1000 6166
658 936 733 1000 Liv.
749 937 799 1019 23,
821 938 864 1002 34
885 936 1126 1024 subegeratque
1146 937 1178 1000 in
1197 959 1287 1005 con-

136 1036 244 1101 sulatu
259 1035 392 1102 Sardos.
426 1037 478 1118 25,
494 1037 515 1100 2
529 1038 582 1102 cui
598 1035 711 1102 Sicilia
732 1039 904 1127 provincia
925 1039 961 1103 in
982 1048 1137 1124 praetura
1156 1039 1275 1110 fuerat.

135 1137 208 1205 Val.
224 1137 315 1204 Max.
332 1140 360 1218 9,
379 1141 429 1221 13,
445 1139 466 1202 2
488 1139 584 1205 tertio
608 1141 642 1202 in
664 1138 846 1204 consulatu.
880 1141 971 1205 Suet.
987 1141 1062 1206 Oct.
1079 1141 1117 1206 61
1140 1150 1267 1208 matrem

135 1241 245 1306 amisit
277 1241 312 1305 in
346 1243 452 1328 primo
486 1240 665 1306 consulatu.
708 1241 825 1306 Claud.
858 1243 898 1306 27
931 1243 1157 1308 Britannicum
1177 1246 1260 1310 -16

136 1345 276 1408 secundo
300 1343 471 1409 consulatu
492 1351 603 1408 natum
627 1342 702 1409 sibi.
735 1344 830 1409 Eutr.
858 1345 889 1425 5,
921 1347 936 1409 1
965 1346 1000 1408 in
1022 1355 1138 1432 quarto
1160 1367 1255 1410 consu·

135 1447 215 1510 latu.
264 1446 426 1530 Dagegen
455 1454 528 1530 sagt
554 1445 632 1509 Tac.
661 1446 736 1510 hist.
767 1448 802 1528 1,
829 1447 871 1510 48
901 1446 1019 1510 Vinius
1047 1445 1249 1533 proconsulatu

137 1546 278 1612 Galliam
305 1547 552 1612 Narbonensem
580 1569 694 1612 severe
727 1549 919 1634 integroque
946 1550 1035 1614 rexit
1063 1549 1157 1635 (aber
1175 1548 1247 1613 Halu

135 1651 203 1715 und
224 1649 372 1713 Heraeus
395 1649 584 1714 schreiben:
604 1671 664 1732 pro
686 1651 817 1730 6666616,
841 1650 996 1715 6656666
1019 1651 1104 1716 6665
1126 1651 1245 1715 niemard

135 1753 276 1816 Anstoss
298 1751 416 1815 nimmt
442 1772 484 1814 an
511 1772 587 1814 ann.
609 1751 639 1831 3,
662 1751 703 1816 28
726 1773 810 1838 quae
832 1752 1097 1818 triumviratu
1125 1755 1243 1833 iusserat,

136 1852 305 1936 abolevit).
358 1851 455 1917 Sonst
487 1852 531 1916 ist
563 1851 688 1917 iiberall
720 1853 773 1917 616
806 1853 1032 1940 Pra‘position,
1073 1876 1163 1919 wenu
1181 1854 1243 1917 'lein

135 1956 286 2020 Attribut
307 1954 545 2036 hinzukommt,
569 1953 839 2022 vorherrscheud.
893 1984 895 1989 v

221 2057 271 2120 Im
300 2055 547 2143 Spatlatein,
583 2078 633 2120 wo
662 2054 715 2120 die
739 2056 987 2144 Prapositionen
1011 2056 1189 2144 ,iiberhaupt
1209 2056 1244 2119 ihr

137 2159 258 2225 Gebiet
281 2160 464 2240 erweitern,
488 2159 574 2222 steht
594 2159 630 2223 io
651 2158 700 2223 oft
714 2156 766 2221 bei
781 2156 914 2223 solchen
929 2158 1244 2242 Zeitbestimmungen,

136 2263 190 2327 die
212 2264 257 2327 im
278 2260 483 2326 klassisohen
510 2259 579 2324 und
608 2259 691 2324 auch
718 2261 763 2324 im
790 2257 954 2325 silbemen
976 2261 1096 2326 Latein
1116 2260 1244 2325 durchaus

136 2366 181 2430 im
210 2361 342 2429 blossen
369 2360 446 2427 Abl.
474 2363 588 2426 stehen
616 2362 766 2444 wiirden,
802 2385 832 2425 z.
860 2362 898 2426 B.
927 2363 1015 2433 Flor.
1043 2365 1081 2446 4,
1110 2364 1144 2445 2,
1169 2361 1245 2427 liin

136 2474 230 2531 nocte
254 2464 308 2547 (al.
331 2466 366 2528 in
388 2467 536 2547 noctem).
571 2461 657 2530 Gell.
676 2466 704 2546 1,
720 2463 751 2544 3,
773 2463 793 2528 3
816 2485 877 2548 636
899 2475 987 2530 certe
1007 2466 1043 2529 in
1063 2464 1124 2528 hoc
1143 2463 1244 2552 quidem

136 2578 280 2654 tempore
307 2589 371 2631 non
400 2564 478 2633 fallo
508 2588 569 2630 me.
605 2562 704 2651 Apul.
727 2564 811 2652 apol.
834 2565 875 2630 57
899 2567 934 2630 16
957 2588 995 2632 66
1018 2575 1172 2655 tempore;
1196 2561 1245 2628 666

137 2671 232 2735 diter.
266 2669 356 2733 Lact.
379 2668 410 2751 2,
439 2669 487 2749 10,
513 2669 549 2731 11
573 2669 694 2754 inquo
722 2676 878 2753 tempore.
911 2668 942 2749 4,
968 2669 1018 2750 17,
1042 2666 1246 2732 9166661661-

136 2774 198 2836 mis
228 2770 354 2836 diebuS.
394 2772 431 2851 4,
462 2771 516 2851 18,
544 2769 566 2833 4
592 2771 627 2833 in
653 2768 761 2834 triduo
791 2767 873 2852 (vgl.
903 2769 945 2832 N.
972 2769 1019 2854 6).
1059 2772 1089 2853 7,
1119 2770 1164 2850 16,
1186 2768 1247 2832 tin

137 2876 241 2939 hieme
264 2911 302 2920 -
326 2874 361 2936 in
383 2881 519 2937 aestate.

222 2977 252 3040 8.
286 2976 355 3039 Der
370 2972 478 3039 blosse
493 2972 630 3038 Ablativ
650 2972 842 3037 bezeichnet
861 2972 946 3036 auch
967 2972 1031 3037 den
1053 2969 1248 3058 Endpunlt

137 3078 204 3142 und
236 3079 270 3142 in
304 3077 449 3141 seltenen
482 3069 597 3140 Fallen
631 3076 693 3138 den
725 3074 1044 3161 Anfangspunkt
1076 3076 1161 3139 einer
1185 3073 1249 3138 Zeit.

137 3181 187 3244 lm
221 3188 365 3245 ersteren
398 3177 491 3242 Folle
523 3179 567 3242 ist
601 3199 636 3239 or
668 3177 717 3242 oft
754 3177 815 3240 den
850 3177 883 3240 in
916 3177 974 3240 Nr.
1009 3177 1029 3240 6
1060 3174 1249 3243 behandelten

138 3280 260 3347 Stellen
283 3280 399 3363 analog
422 3279 490 3343 und
512 3280 546 3342 in
569 3277 651 3342 allen
675 3279 791 3343 Zeiteu
820 3277 945 3363 haufig:
974 3277 1082 3345 Plaut.
1104 3281 1185 3344 Pers.
1203 3272 1249 3341 504

137 3405 242 3468 neque
262 3383 346 3448 istoc
367 3381 475 3446 redire
497 3380 547 3444 his
570 3390 643 3445 octo
665 3401 797 3465 possum
820 3379 998 3444 mensibus.
1043 3381 1114 3446 Aus
1136 3380 1248 3446 Cicero

138 3487 225 3550 citirt
247 3484 349 3548 schon
364 3484 501 3568 Zumpt:
525 3483 621 3546 Rosc.
645 3482 719 3546 Am.
741 3481 783 3544 36
805 3480 992 3566 quatriduo,
1016 3505 1080 3566 quo
1101 3483 1129 3547 is
1149 3479 1248 3546 occisus

138 3596 187 3651 est
211 3586 278 3672 (am
300 3586 426 3650 vierten
450 3583 541 3668 Tage
567 3582 651 3648 nach
673 3583 796 3646 seinem
818 3582 934 3666 Tode).
967 3582 1109 3649 Plancus
1130 3607 1178 3670 ap.
1197 3580 1248 3646 cic.

138 3690 216 3753 fam.
243 3689 291 3769 10,
317 3687 355 3750 18
387 3696 457 3752 octo
487 3684 619 3766 diebus,
655 3684 773 3770 quibus
800 3685 859 3749 has
887 3683 1013 3750 litteras
1041 3685 1171 3767 dabam,
1194 3699 1249 3747 cum

137 3791 255 3877 Lepidi
283 3791 384 3875 copiis
413 3810 464 3852 mc
491 3788 687 3871 coniungam
716 3786 805 3869 (aoht
831 3774 1029 3872 Tage'nach
1059 3787 1132 3852 dem
1152 3787 1249 3852 Datum

139 3893 171 3957 6.
194 3892 275 3976 Bc).
309 3891 439 3970 1610,
469 3889 511 3954 23
541 3911 636 3975 quem
658 3889 777 3970 triduo,
805 3912 878 3953 cum
906 3888 965 3954 has
994 3889 1113 3954 dabam
1140 3888 1249 3962 litteras,

139 3992 380 4082 exspectabam.
417 3991 512 4054 Dazu
536 3991 676 4055 kommt:
700 4012 801 4054 somn.
822 3988 910 4077 Scip.
933 3989 954 4052 2
977 3989 1061 4054 hanc
1082 3991 1187 4056 urbem
1206 3987 1250 4051 hot

139 4097 270 4161 biennio
302 4103 427 4158 evortes
457 4093 593 4178 (binnen
621 4093 702 4156 awei
730 4091 876 4174 Jahren).
917 4089 1029 4155 Caes.
1056 4090 1088 4156 b.
1116 4114 1147 4177 g.
1171 4091 1198 4170 3,
1220 4085 1250 4150 23

138 4198 294 4284 oppidum
317 4234 357 4243 —
380 4196 491 4283 paucis
514 4195 645 4277 diebus,
673 4193 790 4280 quibus
821 4214 859 4258 eo
890 4201 1026 4256 ventum
1061 4203 1141 4274 erat,
1172 4209 1250 4275 expu-

137 4303 282 4384 gnatum.
315 4299 347 4379 4,
376 4298 415 4362 18
442 4298 557 4362 616566
586 4295 711 4374 decem,
745 4295 864 4380 quibus
892 4296 1029 4358 materia
1061 4303 1171 4381 coepta
1199 4294 1250 4354 erat

139 4400 348 4486 comportari,
377 4401 463 4463 omni
491 4420 588 4487 opere
616 4397 728 4462 effecto
757 4398 919 4461 exercitus
947 4395 1138 4462 traducitur.
1167 4387 1251 4476 5,26

140 4500 256 4568 616566
278 4499 407 4565 circiter
428 4500 506 4584 XV,
534 4499 653 4586 quibus
680 4498 716 4562 in
742 4497 879 4564 hiberna
903 4508 1039 4564 ventum
1060 4507 1120 4579 est,
1146 4495 1251 4562 initium
