2804 4996
533 300 774 390 -423-.

108 454 267 520 [unitiones
282 455 444 538 Antigoni
460 454 541 517 alias
557 452 712 535 incendit,
736 451 816 516 alias
840 451 977 523 disiecit.
996 492 1034 500 -
1049 453 1217 538 August.

108 570 143 614 .v‚
164 556 201 620 D.
222 555 275 639 22,
298 555 340 620 28
363 554 510 621 nonnulli
532 554 645 622 nostri.

163 657 206 721 10.
251 656 339 723 stau
361 656 418 721 des
441 656 619 742 partitiven
643 653 802 720 Genetivs
824 653 916 719 dient
937 655 991 719 bei
1019 655 1217 721 undeclinir·

108 773 173 823 aren
204 757 429 823 Zahlwdrtcrn
468 758 540 821 eine
569 756 853 842 Praposition:
897 757 966 822 Cic.
995 756 1082 842 legg.
1108 758 1145 840 3,
1177 760 1218 822 10

108 875 166 925 emo
186 881 202 925 e
224 859 346 924 decem.
380 859 418 941 2,
443 860 480 922 11
505 856 643 939 Thales,
667 858 722 942 qui
745 858 1006 944 sapientissimus
1035 860 1071 922 ia
1092 868 1217 946 septem

108 958 147 1025 rit.
179 984 230 1048 ep.
259 959 302 1024 ad
330 960 423 1024 Brut.
449 960 483 1040 1,
509 959 548 1023 15
574 958 834 1044 sapientissimus
866 959 930 1023 fuit
958 980 995 1024 65
1028 968 1153 1046 septem
1183 970 1217 1025 et

108 1082 178 1146 gum
200 1063 340 1148 scriptor
363 1059 449 1125 solus
473 1080 510 1124 65
533 1068 664 1147 septem.
688 1099 726 1106 —
750 1058 845 1124 Auch
874 1069 965 1125 sonat
992 1059 1078 1126 steht
1105 1061 1216 1146 haufig

108 1183 123 1246 r,
141 1163 341 1229 namentlich
361 1163 445 1227 nach
460 1181 563 1242 5553,
585 1158 839 1246 eigenthiimlich
853 1160 907 1225 bei
924 1160 1017 1226 Sall.
1034 1160 1111 1246 Jugs.
1126 1162 1180 1243 44,
1198 1165 1214 1226 1

108 1265 244 1330 'sedator
259 1287 302 1329 ex
317 1264 413 1328 sociis
431 1263 486 1347 (=
500 1261 657 1350 praedam
673 1285 715 1326 611
731 1263 826 1327 sociis
843 1266 964 1347 agens.)
997 1262 1097 1328 Nicht
1113 1264 1216 1328 selten

108 1365 232 1431 tdaffir
253 1364 307 1429 die
328 1365 427 1451 Prap.
450 1367 506 1429 de:
531 1363 639 1429 Plaut.
662 1363 782 1428 Pseud.
805 1363 837 1446 4,
861 1365 891 1446 7,
915 1364 956 1428 68
979 1364 1150 1428 dimidium
1176 1405 1214 1412 —

108 1496 111 1525 ι
131 1466 256 1554 praeda
278 1466 367 1530 dare.
400 1465 503 1531 Stich.
525 1466 556 1549 2,
578 1465 610 1548 2,
633 1464 675 1529 75
697 1466 821 1529 discam
843 1463 884 1528 (16
907 1464 1215 1532 dietis‘melioribus

108 1591 127 1639 3.
149 1570 279 1653 unum).
312 1567 408 1632 Most.
433 1568 467 1647 1,
489 1567 521 1649 2,
545 1567 586 1631 72
607 1566 787 1631 industrior
809 1565 850 1629 de
872 1567 1052 1631 iuventute.
1084 1568 1116 1648 5,
1139 1568 1171 1651 2,
1194 1571 1214 1633 5

130 1668 304 1735 sodalitate
320 1666 418 1732 solus.
447 1668 547 1732 Truc.
562 1669 592 1748 4,
607 1667 637 1750 2,
654 1668 696 1732 34
711 1666 752 1731 (16
767 1668 902 1732 obsonio
926 1690 996 1731 meo
1019 1669 1214 1756 participem

108 1773 147 1837 ri.
180 1771 256 1838 Ter.
279 1769 398 1836 Heaut.
421 1769 453 1852 4,
478 1771 507 1851 1,
529 1768 572 1832 39
594 1789 634 1833 ne
657 1790 775 1853 expers
797 1769 899 1855 partis
923 1778 1009 1833 esset
1031 1768 1071 1834 de
1094 1773 1213 1836 nostris

108 1874 172 1938 nis.
197 1910 235 1918 -
260 1871 340 1936 Cic.
364 1870 416 1937 off.
442 1872 475 1954 1,
497 1870 540 1934 43
568 1869 609 1932 (16
638 1869 765 1934 duobus
793 1879 903 1933 utrum
924 1869 1102 1938 honestius.
1144 1865 1211 1939 inv.

113 1974 155 2038 18
176 1971 303 2060 aliquid
326 1971 367 2036 de
389 1992 458 2057 rep
473 1971 713 2035 administrare.
743 1993 774 2057 p
793 1970 875 2036 Sest.
891 1971 935 2034 40
952 1971 992 2034 (16
1007 1972 1213 2089 praetoribus

108 2097 148 2142 us
170 2074 309 2140 alienus.
344 2073 555 2155 (1661.2,17
579 2072 620 2135 (16
642 2073 791 2137 humanis
815 2073 968 2158 operibus
991 2073 1086 2157 longe
1109 2076 1212 2139 maxi·

108 2200 164 2242 rm.
197 2174 282 2241 Phil.
307 2175 358 2256 12,
381 2173 465 2238 ilde
487 2173 661 2259 parricidis
684 2173 901 2239 audacissimi.
935 2173 1027 2238 Brut.
1050 2175 1091 2239 33
1114 2176 1213 2240 istum

128 2246 353 2366 superioribus
376 2297 479 2362 paene
495 2276 595 2340 solum
618 2273 701 2359 lego.
729 2299 761 2361 p
778 2275 852 2359 Lig.
868 2275 1001 2362 isquam
1016 2275 1110 2340 multi
1127 2279 1212 2342 enim
1305 2267 1309 2274 ’

108 2390 173 2445 rent
203 2376 245 2442 (16
277 2377 534 2442 victoribus—
567 2399 641 2440 cum
674 2376 772 2440 etiam
805 2376 845 2439 de
873 2377 971 2442 vietis
999 2379 1164 2465 reperiant
1165 2403 1212 2448 ur

125 2481 220 2546 55115
247 2479 288 2543 (16
310 2478 490 2544 virtutibus
517 2479 582 2543 tuis
611 2478 770 2564 plurimis.
810 2476 894 2542 Phil.
920 2478 972 2560 12,
999 2481 1036 2543 11
1067 2492 1104 2547 ut
1130 2482 1213 2546 51151

109 2582 170 2648 ssit
192 2581 233 2646 de
256 2580 375 2645 officiis
398 2578 569 2664 legationis
591 2579 770 2645 attendere.
803 2602 833 2666 p.
851 2578 970 2644 Flacco
985 2580 1027 2645 36
1045 2582 1128 2646 nihil
1143 2583 1212 2669 ipse

108 2686 176 2768 igit
197 2680 239 2746 de
262 2680 448 2746 Valerianis
470 2681 576 2746 bonis.
611 2680 651 2745 (16
673 2701 719 2744 61.
746 2683 774 2765 1,
797 2681 839 2744 43
860 2701 950 2746 neum
972 2683 1014 2746 de
1035 2683 1087 2746 iis.
1115 2683 1211 2748 Tusc.

121 2785 165 2852 36
187 2805 282 2848 nemo
305 2782 474 2847 danobis.
510 2806 541 2869 p.
565 2781 667 2849 Marc.
690 2783 708 2846 7
732 2791 769 2846 ut
790 2782 872 2847 nulli
893 2785 1059 2868 supersint
1087 2782 1128 2847 de
1152 2786 1211 2848 ini-

108 2888 170 2953 cis.
202 2882 604 2951 11166661122111111116
628 2887 693 2947 suis
717 2884 924 2949 ornamentis.
958 2882 1043 2947 Phil.
1059 2883 1127 2967 2,6
1149 2887 1211 2950 duo

125 2985 346 3054 consularium
368 3006 514 3050 numero.
549 2985 580 3065 7,
604 2985 622 3048 7
647 2983 687 3048 (16
709 2984 832 3067 tribus,
856 3005 939 3070 quae
961 2984 1126 3071 proposui,
1149 2986 1210 3050 hoc
1351 2987 1356 2996 '

108 3100 246 3155 tremum
269 3097 330 3152 est.
359 3087 456 3151 Rosc.
479 3086 554 3150 Am.
570 3085 612 3150 35
635 3086 674 3149 de
697 3085 802 3150 tribus
826 3094 858 3149 et
880 3085 994 3149 decem
1015 3084 1127 3151 t'undis
1149 3093 1211 3152 tres

108 3190 284 3256 bilissimos
307 3187 427 3252 fundos
450 3209 522 3251 eum
546 3187 642 3251 video
664 3187 844 3275 possidere.
873 3187 907 3249 in
921 3186 1033 3251 Vatin.
1048 3188 1066 3251 ‘l
1083 3186 1124 3251 (16
1139 3190 1209 3275 qui·

108 3316 126 3357 s
146 3293 226 3358 duos
246 3290 351 3355 vides.
384 3287 471 3374 legg.
493 3290 525 3372 3,
548 3291 567 3354 7
590 3291 727 3371 51155615
749 3287 790 3351 (16
812 3289 929 3353 tribus.
961 3288 1027 3356 div.
1054 3289 1081 3370 1,
1103 3289 1143 3353 41
1169 3290 1210 3353 (16

108 3393 248 3480 incipum
270 3391 346 3455 filiis
368 3412 431 3456 sca.
465 3413 533 3478 rep.
556 3391 594 3475 3,
618 3392 659 3455 14
686 3391 726 3455 (16
754 3389 858 3454 tribus
881 3410 989 3455 unum.
1024 3388 1167 3474 Ρ1111.2,
1190 3391 1210 3454 6

108 3518 128 3561 o
150 3493 192 3556 de
214 3492 433 3558 consularium
455 3514 599 3557 numero.
632 3491 716 3576 legg.
741 3494 770 3575 1,
790 3492 810 3555 2
833 3513 938 3578 neque
959 3513 1147 3576 quemquam
1170 3493 1211 3558 de

108 3599 200 3661 accis
223 3595 351 3680 legisse.
385 3594 451 3657 har.
469 3616 554 3680 resp.
572 3592 614 3657 25
635 3615 739 3679 neque
762 3593 935 3680 quisquam
958 3593 999 3658 de
1021 3593 1209 3678 gregalibus

108 3722 144 3764 rs.
179 3695 265 3783 legg.
290 3696 325 3780 2,
350 3696 390 3759 16
412 3704 448 3758 ut
475 3695 517 3758 (16
545 3694 662 3759 ritibus
692 3695 808 3780 patriis
838 3693 986 3759 colantur
1008 3696 1132 3782 optimi.
1165 3695 1208 3758 ad
1312 3735 1315 3741 -

108 3798 191 3865 afr.
213 3798 244 3876 2,
264 3796 345 3861 lde
368 3796 507 3861 tribunis
529 3795 574 3883 pl.
597 3796 692 3881 longe
715 3797 883 3884 optimum.
917 3796 995 3862 fam.
1014 3797 1062 3878 16,
1081 3797 1107 3876 1,
1131 3795 1208 3861 316

108 3925 127 3965 s
151 3898 420 3965 immortalibus
411 3921 446 3961 rn
467 3921 518 3964 me
535 3898 651 3963 officiis
668 3900 730 3963 erit
750 3897 812 3962 hoc
826 3898 1060 3983 gratissimum.
1094 3897 1207 3982 parad.

108 4001 208 4066 multa
229 4003 270 4065 de
292 4002 358 4065 suis
381 3999 489 4065 rebus.
520 4023 588 4087 rep.
611 4001 640 4080 3,
662 4001 704 4065 35
725 3999 849 4064 nullum
873 4019 943 4063 esse
966 3999 1006 4062 de
1029 3998 1133 4118 trilsus
1155 3997 1205 4063 his

108 4103 259 4268 ι1611111186.
282 4203 314 4269 b
329 4224 361 4287 g.
385 4202 418 4286 6,
444 4203 482 4268 13
505 4204 563 4267 sed
586 4203 626 4267 (16
648 4203 698 4267 his
721 4201 847 4266 duobus
870 4201 1044 4287 generibus
1066 4200 1206 4266 alterum

108 4316 114 4371 t
134 4304 309 4387 Druidum,
332 4304 468 4369 alterum
492 4307 648 4389 equitum.
672 4343 713 4351 —
734 4302 833 4369 Vell.
857 4304 889 4386 2,
912 4303 999 4388 82,3
1022 4301 1063 4366 (16
1086 4302 1204 4389 quibus

108 4431 138 4472 rs
161 4415 279 4494 quarta
300 4405 484 4471 desiderata
506 4416 565 4470 est.
597 4406 680 4471 Val.
695 4405 794 4470 Max.
818 4406 848 4488 7,
865 4405 931 4488 8,9
952 4427 1037 4469 unus
1060 4404 1101 4469 de
1123 4404 1203 4469 mul-
