2850 5002
588 322 735 391 -230
781 365 818 375 —

138 500 234 562 qaam
257 488 336 546 statt
358 499 439 562 111,
469 502 504 543 11
532 478 643 545 wiirde
666 479 720 544 die
743 479 842 546 Stelle
868 499 927 564 gar
949 476 1042 542 nieht
1064 475 1232 543 ancarana

136 583 168 663 3,
191 582 254 645 412
283 584 337 667 qui
365 581 476 645 studet
503 590 645 668 optatam
675 604 772 647 cursu
799 582 988 664 contingere
1015 589 1148 661 metam,
1170 580 1233 646 nult

137 682 213 748 tulit
228 682 370 770 fecitque
382 705 472 767 puer,
488 683 620 747 sudavit
631 692 664 748 et
675 684 763 765 alsit,
780 684 939 748 abstinuit
950 679 1081 746 Venere
1092 690 1123 746 et
1133 684 1233 747 vinoctl

135 786 220 848 Dem
236 784 372 849 Dichter
387 784 532 849 schwebt
547 783 605 848 der
621 783 784 849 Godanke
800 807 874 850 vor:
894 787 1063 866 postquam
1079 781 1172 847 multa
1182 782 1233 849 tulit

135 887 297 971 contingit
310 894 441 949 metam.
458 907 556 950 carm.
580 887 608 967 1,
624 887 676 968 34,
696 887 735 950 16
750 884 892 953 sustulit.
915 886 945 966 3,
962 884 1015 969 29,
1033 883 1072 948 16
1084 883 1233 970 explicuere

222 987 388 1073 Sptttere
410 986 629 1052 Prosaiker
650 986 767 1051 ahmen
789 987 860 1051 dies
882 984 982 1049 nach:
1008 986 1094 1050 Son.
1110 994 1199 1050 const.
1211 987 1233 1049 11

136 1090 156 1152 2
179 1110 253 1152 nam
276 1097 309 1152 et
330 1088 422 1174 pueri
445 1109 480 1151 os
504 1098 673 1170 parentum
701 1090 824 1153 feriunt
850 1098 883 1153 et
904 1087 1011 1150 crines
1034 1088 1144 1152 matris
1164 1086 1233 1151 turbs

136 1190 186 1255 vit
208 1190 428 1275 laceravitque
450 1189 559 1253 infans
583 1199 733 1276 et·sputo
755 1191 896 1274 aspersit
917 1197 975 1253 aut
1002 1188 1140 1253 nudavit
1158 1208 1232 1272 —pe

136 1291 250 1377 percit.
285 1289 326 1354 de
348 1291 398 1354 ira
420 1291 448 1367 3,
472 1290 523 1372 25,
546 1291 567 1355 3
594 1290 676 1354 illud
704 1313 769 1355 non
797 1292 888 1354 venit
916 1289 951 1353 in
978 1288 1115 1354 dubium
1142 1289 1233 1375 quius

137 1391 296 1456 exemerit
317 1391 432 1456 turbae
456 1402 488 1456 et
510 1389 608 1455 altius
632 1393 770 1472 steterit,
793 1392 941 1479 quisquis
956 1391 1109 1476 despexit
1121 1388 1233 1453 lacesses

137 1502 187 1557 tes
211 1530 251 1540 -
274 1530 312 1538 -
337 1493 384 1555 sic
409 1494 560 1557 immanis
587 1492 658 1557 fera
686 1491 729 1556 ad
751 1492 904 1558 latratum
926 1514 1043 1557 canum
1066 1491 1152 1555 lenta
1168 1507 1233 1575 respa

136 1596 201 1677 xit,
235 1595 283 1658 sic
315 1594 427 1657 irritus
461 1595 586 1678 ingenti
618 1594 752 1679 scopulo
779 1593 896 1658 fluctus
924 1592 1075 1659 assultat.
1124 1591 1233 1674 Wenige

137 1692 282 1759 deutlich
305 1693 467 1758 ebendas.·
482 1698 512 1776 ξ.
527 1698 553 1758 1.
578 1716 628 1781 ep.
653 1696 704 1778 74,
727 1696 964 1759 4tremuerunt
987 1732 1023 1742 -
1050 1695 1141 1759 stetit
1158 1730 1193 1740 -
1208 1689 1233 1755 11

137 1795 271 1880 stupuit.
295 1795 345 1873 82,
371 1796 409 1860 13
432 1817 541 1860 massa
561 1817 621 1882 per
644 1817 679 1860 se
700 1817 761 1860 nec
780 1797 887 1861 calida
908 1819 969 1861 nec
991 1795 1118 1881 frigida
1137 1803 1189 1859 est.
1218 1790 1233 1855 1

136 1897 299 1961 fornacem
322 1897 470 1961 coniecta
492 1896 663 1978 concaluit,
687 1898 721 1960 in
742 1919 860 1984 aquam
882 1898 1021 1962 remissa
1042 1897 1176 1961 refrixit.

222 1996 408 2063 Falschlich
432 1998 520 2062 nieht
542 2020 618 2062 man
640 2001 722 2062 auch
745 1998 833 2063 Tac.
857 2001 939 2083 Agr.
963 1999 983 2062 9
1013 1998 1157 2062 hierher:
1186 1996 1233 2060 111

137 2120 264 2184 semper
286 2107 356 2161 erat
377 2099 480 2181 fama3
503 2098 678 2184 aliquando
702 2109 734 2163 et
756 2100 855 2184 elegit
878 2102 948 2181 („es
964 2100 1022 2163 hat
1043 2099 1099 2163 die
1114 2094 1233 2163 Wablls

136 2200 308 2281 stimmt“).
353 2199 433 2264 Dies
456 2201 500 2264 ist
521 2196 604 2287 perf.
627 2201 781 2285 logicum.

221 2301 326 2365 Flor.
348 2301 379 2383 4,
401 2301 432 2383 2,
456 2301 497 2365 63
520 2324 608 2366 more
630 2300 787 2385 fulminis,
815 2301 903 2386 quod
925 2323 990 2367 uno
1013 2301 1186 2388 eodemque
1202 2316 1233 2362 11

136 2412 245 2467 mento
268 2400 368 2481 venit,
391 2403 562 2488 percussit,
584 2403 743 2469 abscessit
771 2404 837 2487 (die
860 2401 1100 2495 Schnelligkeit
1121 2404 1174 2467 der
1183 2396 1233 2467 Vol

139 2503 271 2587 endung
292 2500 376 2567 wird
400 2503 614 2586 bezeichnet).

221 2608 252 2687 ξ.
278 2604 348 2668 128.
372 2603 482 2669 Ueber
503 2606 567 2670 den
584 2616 811 2690 sogenannten
833 2606 1111 2671 aoristiscben
1132 2598 1233 2669 111111

137 2707 196 2771 tiv
218 2705 288 2769 des
312 2705 478 2771 Perfect
499 2706 556 2772 bat
578 2729 691 2771 ausser
705 2707 815 2771 Haase
838 2707 904 2770 und
920 2706 1060 2792 Madvig
1084 2706 1164 2772 auch
1176 2700 1233 2769 Wei

137 2807 194 2892 (zu
216 2807 295 2872 Tac.
319 2808 399 2892 Agr.
423 2807 456 2872 S.
482 2808 541 2872 148
565 2809 613 2894 ff.)
646 2808 868 2893 geschrieben.
904 2806 1071 2874 Zunitcbst
1093 2809 1135 2873 ist
1154 2807 1233 2872 1111

136 2907 336 2990 kenswerth,
361 2908 437 2973 dass
461 2910 529 2974 sich
552 2910 658 2974 dieser
674 2910 823 2975 infinitiv
845 2909 947 2975 schou
968 2908 1082 2995 haufig
1104 2911 1146 2974 im
1165 2903 1233 2972 arch

136 3008 291 3075 istischen
312 3010 431 3075 Latein
458 3008 577 3091 findet,
604 3032 731 3087 woraus
753 3010 873 3075 Holtze
900 3009 947 3090 II,
976 3010 1010 3076 S.
1033 3012 1077 3076 80
1098 3003 1233 3094 Folgenls

135 3110 304 3176 mittheilt:
331 3112 406 3175 Sen.
431 3111 527 3180 Cous.
552 3112 593 3176 de
615 3112 750 3177 Bacch.:
774 3112 927 3177 habuisse
941 3113 1070 3178 11111-
1092 3113 1192 3176 adisse
1205 3122 1232 3168 tt

136 3209 181 3276 let
206 3250 243 3260 -
266 3211 365 3276 fecise
388 3212 486 3277 velet.
531 3213 612 3278 Cato
635 3237 660 3278 r.
683 3237 709 3277 r.
733 3215 754 3278 5
775 3236 816 3278 ne
844 3214 923 3301 quid
951 3215 1070 3279 emisse
1091 3215 1160 3280 uelit
1176 3201 1233 3276 inci

137 3321 210 3378 ente
239 3313 384 3396 domino,
413 3335 453 3377 ne
481 3312 562 3399 quid
590 3313 757 3379 dominum
786 3314 943 3380 celavisse
970 3314 1062 3381 velit.
1108 3313 1233 3380 ibides

136 3435 232 3499 quem
255 3413 456 3480 consuluisse
478 3415 571 3480 velit.
616 3414 722 3480 Plaut.
746 3417 844 3481 Poen.
866 3417 898 3497 4,
921 3417 953 3498 2,
975 3418 1019 3482 50
1040 3419 1135 3483 nolito
1160 3413 1233 3495 edep⁰

139 3514 315 3583 divellisse.
359 3514 469 3580 Aulul.
490 3517 524 3597 5,
550 3519 579 3599 1,
606 3518 643 3580 19
671 3522 840 3603 conpotes
861 3517 1019 3604 probasse
1040 3541 1151 3605 nugas.
1186 3511 1233 3578 oid

136 3615 168 3697 2,
197 3616 229 3698 3,
258 3617 300 3681 32
328 3619 511 3703 exquisisse
538 3620 684 3700 oportuit.
733 3619 808 3683 Ter.
832 3619 913 3682 Hec.
941 3620 973 3700 4,
1004 3622 1033 3700 1,
1056 3621 1098 3686 48
1119 3611 1233 3685 interdu

136 3737 176 3780 ne
199 3716 355 3782 extulisse
378 3729 471 3784 extra
492 3720 592 3784 aedes
614 3740 750 3805 puerum
772 3742 910 3805 usquam
932 3721 1027 3785 velis.
1049 3722 1114 3791 Ad.
1129 3722 1156 3804 2,
1178 3704 1233 3798 l,ll

17 3845 25 3855 .
135 3826 212 3882 ante
239 3818 336 3882 aedes
364 3842 430 3884 non
451 3821 570 3884 fecisse
598 3822 658 3885 erit
678 3822 789 3886 mellus
810 3821 863 3885 hic
884 3822 1077 3887 convitium.
1119 3808 1231 3887 Andr-1

134 3921 166 4002 5,
189 3921 209 3985 3
237 3943 302 3984 non
329 3923 473 4007 oportuit
500 3923 680 4008 praescisse
707 3944 758 3986 me
785 3922 885 3986 ante?
929 3924 1027 3988 Danu
1048 3925 1169 3989 kommt
1183 3904 1233 3982 1111

135 4022 230 4085 Enn.
255 4044 307 4108 ap.
331 4021 399 4091 Cic,
422 4023 475 4086 off.
503 4023 535 4104 2,
566 4024 583 4087 i
613 4045 709 4109 quem
738 4025 877 4110 quisque
905 4024 991 4106 odit,
1015 4027 1134 4111 periise
1152 4006 1233 4104 apelli

136 4122 179 4186 So
202 4123 289 4188 Ovid
318 4145 360 4186 m.
386 4124 435 4204 14,
457 4125 518 4188 571
548 4124 604 4188 sed
634 4125 753 4189 vicisse
774 4130 898 4208 petant.
947 4126 1075 4193 Varro
1101 4126 1186 4210 frgm.
1201 4106 1233 4179 111

135 4224 178 4286 20
199 4225 320 4288 Rerum
341 4225 446 4289 hum:
470 4248 510 4289 nc
534 4228 606 4312 quis
629 4224 775 4292 lictorem
796 4228 998 4292 —iussisse
1019 4227 1110 4294 velit
1156 4272 1161 4281 ·

220 4327 280 4391 Bei
302 4325 427 4411 Cicero,
450 4327 582 4408 Caesar,
606 4326 729 4393 Sallust
743 4331 812 4394 und
827 4328 962 4394 Tacitus
978 4329 1082 4395 findet
1095 4328 1160 4394 sich
1172 4311 1233 4389 kair

136 4426 245 4492 Stelle.
291 4428 358 4493 Cic.
383 4428 461 4492 fam.
487 4430 536 4511 13,
562 4433 589 4508 l,
616 4432 630 4492 l
665 4430 803 4511 (vidisse
825 4441 858 4497 te
880 4430 1025 4517 mallem)
1052 4417 1233 4516 gehorteir
