2850 5002
589 325 626 333 .-
672 288 734 351 noe

218 444 247 520 ξ.
275 440 343 502 124.
367 449 608 516 Tempusfolge
630 450 719 503 nach
742 449 818 503 dem
840 450 1006 504 Praesens
1029 448 1257 516 materiem

220 544 260 605 A.
305 541 386 604 Der
413 540 649 605 Nebensatz
676 541 773 624 geht
804 542 888 605 dem
911 540 1164 628 Hauptsatze
1185 563 1256 616 vo,

132 642 212 706 aul.
258 641 341 706 Hier
377 650 461 706 setnt
498 643 657 723 Cicero,
697 664 791 706 wenn
827 642 917 708 nicht
951 643 1050 708 sehon
1084 643 1254 717 historisel

134 744 325 807 Praesentia
353 743 576 828 voraufgehen
610 744 679 807 und
713 745 770 808 das
798 744 1034 809 Verstttndniss
1072 744 1257 838 erleichtcrn,

134 844 350 930 regelmttssig
377 846 440 908 don
470 845 668 932 Oonjunctir
698 845 755 908 des
784 845 1030 932 Imperfects
1057 844 1136 911 oder
1162 845 1256 916 Plus.

135 945 455 1033 quarnperfects:
487 970 517 1034 p.
548 947 679 1028 Quinct.
704 948 746 1010 22
774 946 929 1029 Alfenus,
959 956 996 1012 ut
1018 944 1128 1012 omnes
1154 947 1253 1017 intolli-

134 1070 211 1133 gere
227 1053 354 1130 possent
376 1049 498 1112 iudicio
521 1048 654 1112 defendi
670 1041 872 1131 Quinctium,
895 1049 983 1114 viros
999 1047 1104 1113 bonos
1124 1049 1250 1133 advocat,

135 1159 275 1214 testatur
297 1171 332 1213 se
352 1150 385 1213 id
409 1149 549 1236 primum
572 1161 684 1235 petere
705 1173 746 1214 ne
768 1149 847 1237 quid
871 1150 1012 1215 atrocius
1035 1151 1069 1213 in
1085 1148 1251 1229 Quinotium

135 1251 243 1315 facere
266 1261 431 1316 conentur.
475 1251 570 1314 Verr.
595 1250 641 1333 II,
667 1254 696 1335 1,
719 1252 760 1316 26
789 1252 886 1317 simul
908 1253 1013 1340 servis
1042 1252 1110 1317 suis
1131 1251 1254 1316 Rubrius

135 1362 170 1418 ut
192 1354 320 1416 ianuam
343 1352 532 1418 clauderent
559 1361 592 1416 et
613 1353 676 1438 ipsi
703 1353 856 1418 adfores
884 1352 1100 1437 adsisterent,
1127 1352 1257 1438 imperat.

139 1457 167 1536 l,
189 1454 232 1520 54
253 1455 327 1537 iste,
351 1456 406 1540 qui
428 1453 593 1540 aliquanto
616 1455 689 1541 plus
705 1450 895 1541 cogitasset,
918 1454 1003 1519 male
1025 1455 1143 1541 accipit
1162 1451 1257 1517 verbis

114 1596 117 1599 -
136 1555 336 1621 Habonium.
360 1558 391 1633 3,
406 1557 448 1623 30
469 1566 507 1621 ut
528 1557 683 1642 probaret
697 1557 862 1643 Apronius
879 1556 939 1622 hoc
960 1557 1116 1637 triticum,
1137 1556 1257 1642 impera⁴

135 1658 418 1744 Argyrinensibus
437 1658 564 1744 Verres,
587 1666 624 1722 ut
643 1658 678 1723 in
700 1659 863 1723 medimna
886 1656 1016 1742 singula
1038 1657 1155 1721 dentur
1169 1657 1257 1743 Apro

136 1761 190 1823 nio
214 1761 354 1825 sestertii
377 1768 453 1824 tres.
478 1761 519 1824 42
542 1782 615 1824 cum
631 1760 780 1824 omnibus
803 1759 866 1826 hoo
887 1759 1128 1826 intolerandum
1149 1757 1257 1823 videre

135 1870 198 1945 tur,
221 1870 329 1925 tamen
345 1861 506 1926 Venuleio
523 1862 651 1944 dantur,
675 1883 716 1924 ne
731 1861 876 1944 accedat,
900 1861 1002 1926 tritici
1016 1860 1118 1925 modii
1140 1868 1257 1945 septem

135 1964 176 2026 59
198 1973 267 2027 tum
290 1964 352 2028 iste
374 1962 469 2028 horno
492 1964 659 2048 innocens,
683 1963 737 2048 qui
759 1962 848 2026 illam
876 1944 1092 2049 suspitionem
1114 1963 1210 2026 levare
1226 1973 1257 2018 ε

135 2087 154 2127 a
176 2085 211 2128 se
240 2086 406 2130 removere
435 2074 582 2152 cuperet,
621 2064 702 2128 dicit
730 2074 787 2129 ctt.
815 2066 845 2147 4,
876 2065 915 2128 19
944 2074 979 2130 ut
1004 2103 1038 2112 -
1065 2064 1157 2128 illum
1181 2074 1257 2126 rer:

135 2177 242 2249 caret,
271 2166 354 2233 hauc
376 2170 540 2251 excogitat
562 2166 732 2232 rationem.
755 2165 797 2231 39
820 2188 894 2231 curn
915 2176 1097 2248 recusaret,
1125 2165 1257 2233 miratu]

134 2268 177 2331 24
198 2277 235 2332 ut
255 2279 368 2355 posset
390 2290 425 2333 se
448 2268 556 2334 dicere
583 2269 715 2349 emisse,
751 2267 961 2353 Archagatho
988 2269 1130 2356 imperat
1154 2277 1205 2333 ott.
1222 2262 1257 2329 [ἰ

135 2371 170 2432 in
192 2391 255 2456 quo
278 2371 432 2456 primurn,
456 2380 493 2435 ut
514 2367 637 2455 aliquid
667 2380 754 2435 esset
781 2391 907 2453 morae,
937 2370 1031 2448 multi
1059 2367 1257 2457 interpellem

136 2471 178 2536 65
192 2492 266 2535 cum
281 2473 321 2538 ad
338 2481 519 2558 praetorem
534 2473 567 2536 in
583 2472 634 2535 ius
651 2472 843 2554 adissemus,
867 2473 1035 2557 excogitat
1051 2493 1130 2537 sane
1150 2478 1257 2535 acutri!

137 2572 216 2657 quid
239 2573 402 2641 decernat.
422 2573 455 2656 5,
478 2574 520 2637 44
542 2573 643 2657 virgis
666 2593 707 2636 ne
729 2574 931 2656 caederetur,
955 2584 1065 2641 monet
1087 2584 1124 2643 ut
1145 2576 1257 2638 cavea!

135 2697 167 2759 p.
197 2672 326 2741 Cluent.
358 2675 397 2739 13
431 2674 600 2762 Oppianus
635 2673 861 2759 obsignatores
890 2674 932 2740 ad
965 2697 1050 2759 eum,
1084 2676 1140 2762 qui
1170 2688 1257 2758 nequ!

135 2775 295 2839 Avillium
317 2798 422 2861 neque
445 2776 607 2840 Asuvium
630 2785 774 2861 nossent,
797 2776 941 2841 adducit.

221 2878 327 2942 Wenn
350 2876 482 2941 solchen
497 2875 620 2942 Stellen
643 2878 744 2942 sehon
766 2878 1014 2945 historiscbe
1035 2872 1257 2943 Praesenti-

136 2980 285 3046 vorauf
288 2978 432 3064 gehen,
449 3000 484 3043 so
498 2979 541 3043 ist
552 2965 866 3066 dreierleirnitglich3
883 2981 1048 3047 entweder
1059 2982 1103 3046 ist
1115 2977 1257 3064 zeitschr:

135 3084 209 3146 dem
232 3080 530 3165 Voraul'gehenden
556 3080 624 3144 und
653 3081 728 3145 dern
756 3080 945 3166 Folgenden
973 3084 1045 3147 eine
1074 3104 1166 3147 wcnn
1189 3099 1257 3144 aur:

135 3207 196 3247 nur
219 3183 324 3246 kurze
346 3183 477 3247 Pause
499 3184 543 3246 im
566 3182 710 3267 Vortrag
739 3184 816 3268 (wie
838 3182 922 3249 oben
945 3184 979 3248 in
1002 3183 1106 3252 Verr.
1120 3184 1149 3264 3,
1169 3182 1214 3247 59.
1231 3196 1257 3226 ⁶

135 3272 481 3371 deponentia).
526 3285 625 3348 Dann
656 3283 736 3349 wird
765 3284 819 3347 die
847 3284 1084 3372 Tempusfolge
1110 3285 1195 3349 nicht
1220 3301 1257 3343 a-

135 3389 236 3452 terirt.
276 3385 365 3450 Oder
393 3386 446 3449 die
469 3384 759 3471 voraufgehenden
789 3386 979 3451 Praesentia
1007 3386 1181 3451 schliessen
1200 3382 1257 3447 sie

135 3510 198 3572 eng
222 3510 263 3551 an
286 3487 345 3551 das
368 3487 535 3573 Folgende
557 3510 614 3572 an;
643 3490 731 3552 dann
754 3488 843 3551 kann
873 3488 926 3552 die
949 3486 1180 3577 Tempusfolge
1203 3503 1257 3547 vr:

134 3591 232 3654 ihnen
260 3589 451 3656 bocinflusst
479 3589 625 3671 werden,
655 3592 716 3655 wie
745 3589 840 3654 Verr.
868 3588 964 3675 2,.17
988 3589 1099 3655 educit
1125 3612 1165 3654 cx
1188 3602 1257 3650 un:

136 3704 220 3779 tres,
244 3692 283 3757 iis
307 3703 342 3757 ut
365 3693 535 3758 absentem
551 3692 739 3759 Heraclium
762 3695 964 3760 condemnent
985 3696 1134 3782 imperat.
1157 3690 1257 3773 Itaqt

135 3797 360 3861 condemnant.
384 3795 415 3878 3,
432 3795 474 3859 60
496 3804 595 3879 auget
609 3805 708 3882 atque
724 3804 837 3860 onerat
859 3805 891 3859 te
907 3796 1001 3861 bonis
1018 3788 1257 3862 condicionibus

135 3901 164 3965 si
187 3899 234 3962 uti
257 3897 356 3980 velis,
380 3896 408 3961 si
431 3919 471 3963 ex
495 3897 664 3983 provincia
687 3897 801 3962 Sicilia
822 3906 890 3961 tota
913 3905 1038 3962 statuas
1062 3897 1201 3960 idoneum
1212 3886 1257 3951 ἰΊ

135 4002 242 4067 dicem
270 3997 394 4063 nullum
423 4022 518 4087 posse
541 4000 695 4086 reperiri,
723 3998 866 4086 postulat
888 4021 908 4061 a
930 4009 962 4064 te
985 4008 1021 4063 ut
1044 3999 1173 4063 Romam
1195 4008 1257 4054 Β

134 4104 274 4167 reiicias.
297 4125 328 4187 p.
352 4100 480 4165 Oluent.
503 4101 544 4166 26
567 4103 678 4188 itaque
700 4102 730 4164 ei
752 4100 971 4187 quadraginta
993 4099 1082 4166 milia
1104 4095 1257 4187 pollicet!

203 4340 226 4409 *)
248 4338 407 4394 Vorarbeit:
445 4339 577 4394 ltcusch
605 4339 659 4409 Zur
680 4340 839 4393 hebreum
865 4338 915 4392 der
934 4337 1139 4408 Tempuslolge.
1168 4331 1257 4392 1³¹0ss

135 4423 237 4494 Elbing
257 4429 329 4483 1861.
