2850 5002
595 325 632 334 —
679 285 826 351 614-

136 443 303 506 Darunter
338 440 424 530 steht
457 440 537 505 aber
570 440 641 503 eine
670 437 770 504 Stelle
802 438 862 502 mit
889 436 1042 502 finales·
1069 437 1245 527 Bedeutung:

136 543 205 608 Cic.
229 544 300 609 Art.
330 543 384 626 16,·
414 544 430 605 1
460 541 519 606 has
550 541 665 626 scripsi
694 542 729 605 in
758 562 829 604 eam
857 549 985 626 partem
1013 561 1054 604 ne
1082 563 1132 604 me
1155 552 1247 607 motum

135 655 274 732 putares.
291 684 332 693 -
347 643 458 710 Ueber
480 643 538 708 das
563 642 685 708 seltene
706 644 743 707 11
762 663 931 708 nommant
952 642 1021 706 und
1044 643 1125 709 iiber
1143 645 1247 710 111111

16 803 21 807 .
137 745 290 812 ebendas.
315 746 348 812 S.
371 746 450 829 328,
472 745 524 810 45.

221 848 253 934 e)
287 849 332 913 Io
354 847 544 913 bezeiohuet
568 847 621 912 die
643 846 912 931 Eintheilung
934 848 1003 911 und
1026 847 1080 911 die
1102 847 1246 913 Vorthei·

136 950 240 1036 lung.
288 949 414 1015 Plaut.
438 947 514 1013 Aul.
546 951 578 1029 1,
607 950 643 1032 2,
670 950 712 1014 30
740 948 889 1013 dividere
915 949 1047 1034 argenti
1076 970 1204 1014 nummos
1222 950 1246 1011 iu

136 1051 223 1116 viros
247 1052 302 1137 (=
326 1051 473 1134 viritim).
511 1050 1246 1138 0111111111(1111--011111111333

136 1175 219 1239 quae
233 1153 362 1239 quidem
386 1154 421 1216 in
436 1153 714 1217 confirmationem
733 1161 765 1215 et
778 1149 1064 1238 reprehensionem
1080 1151 1246 1216 dividuntor.

136 1279 168 1341 p.
192 1253 310 1319 Flacco
333 1255 374 1318 26
397 1254 487 1339 leges
509 1292 547 1302 —
571 1255 606 1318 in
629 1274 740 1318 omnes
763 1263 865 1318 terras
889 1253 1099 1319 distributae.
1136 1253 1209 1318 Verr.
1224 1252 1246 1331 2,

135 1358 176 1421 53
200 1355 402 1421 discribebat
423 1379 575 1422 censores
598 1356 693 1421 binos
716 1357 751 1419 in
773 1354 919 1441 singulas
943 1356 1106 1426 civitates.
1134 1357 1163 1439 4,
1177 1354 1207 1418 26
1223 1354 1247 1416 11

87 1542 89 1549 J
136 1458 265 1544 singula
288 1457 466 1524 conclavia.
500 1456 1119 1544 111111112111111311111111111.
1150 1455 1202 1536 Qu.
1218 1453 1247 1518 lr.
1316 1476 1318 1481 ·

135 1562 166 1642 3,
185 1562 214 1643 1,
230 1560 251 1624 3
273 1562 373 1625 ternis
396 1562 541 1624 numinis
558 1561 593 1624 in
606 1559 724 1647 pedem
746 1570 854 1625 tecum
870 1560 1081 1645 transegisse.
1112 1561 1144 1623 in
1158 1555 1247 1623 Cssoil.

138 1662 177 1726 10
204 1663 240 1725 in
267 1661 394 1727 modios
424 1660 571 1747 singulos
595 1661 763 1728 duodenos
790 1663 956 1727 sestertios
980 1663 1140 1747 exegisse.
1180 1659 1249 1722 Font.

134 1765 166 1847 5,
189 1763 224 1827 9.“
265 1763 376 1828 Caes.
400 1764 431 1829 b.
455 1785 483 1829 c.
508 1766 542 1845 1,
564 1765 606 1828 52
634 1764 677 1829 ad
699 1763 849 1829 denarios
872 1766 900 1829 L
926 1765 960 1827 in
990 1764 1135 1849 singulos
1156 1761 1251 1826 modios

135 1887 264 1929 annona
293 1874 495 1951 pervenerat.
528 1904 566 1913 -
595 1867 702 1952 Virg.
732 1868 773 1932 A.
802 1867 837 1942 5,
865 1867 904 1930 61
935 1867 970 1930 11
997 1888 1109 1931 naves.
1147 1861 1253 1944 1.‚194.

135 1968 220 2033 Liv.
243 1967 303 2050 40,
326 1968 367 2032 59
391 1967 506 2032 divisit
528 1969 563 2031 in
585 1967 731 2054 singulos
757 2006 795 2016 -—
824 1969 965 2034 tricenos
988 1968 1087 2033 aeris.
1130 1966 1212 2032 Eben
1227 1984 1255 2026 so

136 2069 189 2134 bei
212 2058 366 2135 dividere:
388 2069 419 2152 6,
442 2070 463 2134 3
484 2071 518 2134 11
540 2071 719 2136 custodias.
748 2070 801 2154 28,
824 2070 901 2133 211
924 2070 1087 2135 civitates.
1116 2069 1167 2150 37,
1181 2067 1216 2131 45
1232 2066 1260 2128 in

136 2170 284 2237 hiberna.
323 2171 410 2235 Tac.
433 2193 508 2235 ann.
535 2172 569 2255 1,
592 2172 634 2237 55
657 2171 817 2237 dissidere
839 2171 966 2237 hostem
989 2173 1023 2235 in
1045 2170 1219 2234 Arminium
1237 2175 1262 2231 et

137 2263 315 2358 Segestem.
355 2274 392 2354 2,
415 2273 455 2338 67
478 2272 638 2338 Thraecia
659 2264 694 2337 in'
715 2272 980 2339 Rhoemetalcem
1001 2272 1105 2338 filium
1126 2273 1217 2359 inque
1234 2268 1264 2332 li-

137 2374 232 2439 beros
249 2375 363 2460 Cotyis
386 2374 554 2442 dividitur.
585 2374 617 2458 2,
640 2376 660 2440 8
683 2374 874 2440 distributis
895 2376 930 2439 in
951 2374 1096 2460 legiones
1119 2395 1157 2438 ac
1179 2373 1268 2438 socios

137 2474 289 2540 navibus.
329 2474 361 2539 h.
385 2477 416 2558 3,
439 2478 480 2542 58
503 2499 616 2543 curam
638 2476 776 2542 dilectus
798 2476 832 2542 in
856 2475 1004 2543 consules
1027 2478 1179 2565 partitur.

220 2578 252 2641 4.
298 2577 368 2640 Der
394 2578 520 2645 finale
543 2577 720 2644 Gebrauch
747 2581 874 2644 vonso'n
901 2580 945 2644 ist
975 2601 1035 2644 vor
1055 2578 1175 2645 Livius
1200 2575 1274 2642 noch

139 2678 370 2760 selten‚.dann
393 2679 470 2752 aber
492 2680 575 2746 wird
597 2703 632 2744 er
654 2679 812 2766 b‘aufiger.
846 2679 952 2745 Plaut.
976 2678 1054 2745 Aul.
1078 2680 1108 2760 2,
1133 2680 1163 2762 6,
1185 2677 1276 2744 2111-

139 2784 265 2849 souium
289 2783 324 2845 in
345 2782 486 2869 nuptias.
522 2783 679 2865 Τ111.4,
702 2782 738 2866 2,
761 2781 801 2845 27
831 2781 908 2846 dedi
931 2783 960 2846 ei
983 2782 1107 2846 minum
1136 2783 1170 2846 in
1192 2780 1278 2845 obso-

138 2895 262 2950 natum.
307 2883 421 2948 Oelter
448 2884 554 2949 baben
578 2885 631 2948 die
653 2884 833 2949 Komiker:
865 2886 903 2950 o'n
924 2905 990 2949 rem
1012 2903 1076 2950 csse
1097 2883 1279 2967 ‚,nittzen“.

139 2986 217 3055 Cic.
249 2986 319 3051 Att.
351 2986 402 3067 15,
435 2986 451 3049 1
483 2996 618 3051 venerat
651 2987 686 3050 in
715 2985 824 3050 funus.
876 2987 974 3050 Dann
1007 2986 1042 3050 in
1075 2985 1136 3050 der
1165 2986 1281 3049 Phraso

139 3088 249 3173 „Gelu
272 3087 469 3152 aufwenden
491 3110 531 3152 zu
555 3089 659 3153 einem
674 3087 857 3152 Zweclre“:
882 3088 974 3152 Verr.
997 3087 1027 3168 2,
1050 3088 1092 3152 55
1117 3088 1282 3152 denarium

140 3188 299 3254 XXXIX
321 3189 412 3254 milia
439 3228 480 3237 -
509 3189 717 3256 contulerunt
744 3191 778 3254 in
806 3199 957 3254 statuam.
994 3190 1036 3254 59
1058 3190 1094 3253 in
1118 3211 1283 3255 commune

140 3291 283 3357 Siciliae.
319 3292 357 3375 3,
385 3292 440 3375 33,
470 3292 519 3356 76.
556 3291 670 3356 Rabir.
698 3292 735 3356 P.
767 3292 821 3375 12,
850 3292 902 3356 34.
940 3314 973 3377 p.
996 3290 1118 3358 Flacco
1150 3293 1206 3376 14,
1234 3291 1282 3356 33.

140 3393 233 3458 Eben
257 3416 292 3458 so
314 3393 366 3459 bei
381 3394 509 3458 Livius.
526 3431 567 3440 -
584 3393 653 3459 Cic.
676 3416 707 3479 p.
724 3391 852 3459 Cluent.
875 3393 915 3457 66
938 3395 972 3457 11
994 3393 1143 3459 familiae
1165 3394 1284 3459 luctum

141 3535 178 3544 -
202 3497 324 3583 nupsit.
362 3495 433 3561 Ast.
457 3495 486 3580 9,
508 3495 529 3560 5
551 3497 585 3560 in
607 3493 724 3579 vulgus
749 3496 830 3578 (und
853 3517 887 3560 so
911 3495 964 3561 bei
986 3496 1093 3581 Spp).
1136 3497 1185 3578 16,
1212 3497 1227 3559 l
1253 3496 1284 3559 in

114 3620 212 3662 eam
239 3583 394 3683 1111111,Ἰ
411 3620 463 3661 11.
508 3597 602 3662 Caes.
630 3596 661 3663 b.
684 3620 711 3661 1.
740 3597 776 3678 2,
804 3597 844 3661 21
873 3597 1027 3683 pecunias
1056 3597 1091 3660 in
1119 3597 1284 3683 publicum

139 3699 288 3786 polliciti.
317 3737 356 3748 -
386 3698 460 3764 Liv.
483 3699 540 3782 28,
563 3699 604 3764 28
627 3700 766 3784 Regium
788 3700 824 3762 in
845 3696 1046 3784 praesidium
1068 3699 1168 3764 missa
1190 3698 1285 3783 legio.

139 3802 198 3882 26,
230 3801 268 3865 18
300 3799 486 3887 proconsuli
519 3801 658 3866 creando
688 3803 723 3864 in
752 3800 946 3887 Hispaniam
974 3799 1112 3865 comitia
1140 3799 1283 3866 haberet.

140 3902 414 3969 Nachklassischt
450 3905 486 3973 iro
509 3905 665 3986 pretium,
694 3903 842 3968 bonorem
870 3903 1014 3967 alicuius.
1046 3941 1088 3950 —
1116 3903 1198 3968 Erst
1226 3902 1286 3967 seit

141 4005 205 4069 den
229 4004 489 4089 Augusteischen
513 4005 673 4070 Dichtern
696 4005 761 4069 und
781 4003 898 4068 Livius
922 4001 1023 4068 findet
1046 4027 1140 4069 man:
1164 4006 1201 4070 irs
1223 4006 1285 4089 boo,

141 4109 189 4190 id,
219 4108 315 4188 qaod,
346 4108 436 4188 qaid,
459 4107 547 4187 boec,
570 4109 606 4173 ta
627 4108 745 4172 omnio.
775 4143 814 4153 —
844 4105 907 4168 Am
930 4104 1148 4172 beliebtesten
1168 4107 1213 4172 ist
1235 4107 1285 4172 die

67 4280 70 4286 ,
141 4206 239 4272 finale
261 4208 396 4295 Prapos.
420 4210 456 4274 ia
477 4209 529 4274 bei
552 4208 705 4274 Tacitus:
741 4209 821 4293 Agr.
846 4208 943 4289 354in
964 4209 1107 4295 speciem
1129 4208 1286 4273 simulac

142 4319 308 4374 terrorem.
346 4311 388 4376 G.
411 4311 452 4375 38
480 4312 514 4376 11
536 4309 741 4377 altitudinem
763 4309 928 4397 quandam
951 4319 982 4374 et
1003 4320 1170 4375 terrorem.
1209 4334 1282 4375 ann.

142 4411 173 4500 2,
199 4412 237 4477 13
260 4411 399 4478 eundem
421 4414 629 4482 inanimum.
667 4411 744 4498 Vgl.
768 4411 914 4478 daselbst
936 4412 1095 4502 Nipperd.
