2850 5002
615 330 652 339 ..
698 294 823 356 02-.

145 459 251 543 gludio
279 463 413 541 pereunt
442 460 480 543 (e.
510 461 592 524 oben
621 460 767 546 herens).
813 461 955 525 Minue.
986 461 1064 526 hel.
1095 464 1145 541 10,
1169 465 1189 526 4
1217 486 1318 535 cun

145 581 203 623 sua
225 560 286 623 sibi
308 561 440 624 natione
469 561 624 644 captivus.
648 561 1000 645 Pseudo-Apicius
1027 567 1087 627 art
1111 584 1179 647 ccq.
1203 565 1235 647 4,
1271 573 1318 637 Ξ

144 661 867 745 u4uuu4uhuuuuuu

229 764 260 841 ἓ.
284 762 336 826 32.
366 763 451 827 Suus
478 800 519 810 -
548 764 687 843 quisquc.
737 761 798 826 Die
828 761 1039 851 Verbindung
1069 750 1125 829 des
1153 764 1318 840 Reflexi

144 884 235 926 vums
257 862 317 926 mit
337 866 475 945 quisque,
499 864 644 928 wordher
668 862 749 927 Wex
771 886 811 928 zu
832 863 906 927 Tac.
930 864 1039 948 Agric.
1062 864 1096 930 S.
1119 866 1318 941 321-322

58 990 64 1003 ·
145 964 238 1027 einen
276 964 513 1029 cusfiihrliehen
544 964 667 1028 Excurs'
705 964 852 1048 geliesert
885 965 957 1045 hat,
996 965 1121 1031 kommt
1154 967 1190 1031 in
1222 990 1318 1039 ver

147 1063 335 1141 schicdener
359 1056 550 1149 Bedeutun'g
571 1087 636 1130 vor.

231 1169 258 1230 1.
285 1167 371 1231 Suus
396 1204 438 1214 —
466 1168 595 1248 quisquc
615 1168 651 1230 in
678 1166 920 1251 ungleichen
948 1166 1093 1253 Casibus.
1139 1168 1216 1234 Dies
1240 1173 1314 1243 ist

144 1266 323 1350 regelrecht
352 1267 418 1331 und
449 1268 571 1332 iiberail
603 1267 729 1352 h‘dufig:
766 1267 834 1333 dic.
869 1267 908 1333 de
940 1289 985 1334 or.
1017 1270 1047 1353 3,
1081 1271 1102 1333 9
1134 1292 1197 1355 quo
1228 1295 1308 1341 sua

144 1389 298 1451 quemque
326 1369 598 1433 naturacnaxime
619 1369 703 1433 ferre
726 1369 880 1434 videatur.
904 1390 953 1452 cp.
977 1370 1017 1434 61
1041 1370 1076 1434 in
1098 1372 1186 1435 omni
1208 1394 1301 1440 voce

144 1472 193 1532 est
227 1470 377 1552 quiddam
413 1471 567 1552 medium,
606 1471 661 1534 sed
688 1491 780 1534 suum
808 1471 920 1555 cuique
948 1471 1028 1535 voci.
1074 1469 1164 1537 Caes.
1192 1472 1220 1537 b.
1246 1496 1295 1558 g.

148 1571 177 1650 7,
200 1570 242 1633 32
264 1593 337 1634 suas
361 1571 510 1655 cuiusque
535 1594 644 1636 eorum
667 1570 841 1635 clientelae.
877 1571 944 1636 niv.
970 1572 999 1654 1,
1022 1573 1065 1636 52
1087 1571 1211 1637 Turnus
1229 1581 1290 1637 sui

144 1671 256 1755 cuique
284 1672 418 1757 periculi
446 1695 557 1737 reeens
586 1676 656 1737 erut
677 1673 911 1737 documentum.
934 1673 965 1755 2,
989 1673 1040 1737 32.
1063 1675 1094 1757 2,
1116 1674 1168 1738 44.
1188 1675 1217 1756 3,
1235 1674 1286 1737 36

142 1794 232 1836 suum
261 1775 410 1858 cuiusque
440 1775 549 1838 vicem.
580 1775 630 1857 10,
658 1775 689 1837 6.
734 1772 773 1836 In
803 1774 994 1837 verstiirkter
1028 1772 1214 1859 Bedeutung
1236 1792 1283 1837 so

143 1874 204 1937 viel
233 1875 280 1938 als
305 1878 456 1958 proprius
483 1878 649 1957 cuiusque:
677 1874 744 1940 Cic.
775 1874 829 1938 fin.
857 1875 887 1956 5,
917 1872 937 1937 9
964 1896 1022 1938 suc
1045 1874 1195 1959 cuiusque
1212 1873 1282 1938 eni-

143 1976 260 2038 mantis
297 1980 414 2040 natura
444 1980 502 2040 est.
559 1979 590 2056 ξ.
615 1976 656 2040 26
689 1975 856 2039 scientiam
884 1977 989 2040 autem
1018 1997 1109 2039 suem
1137 1977 1281 2059 cuiusque

141 2077 219 2138 artis
248 2098 325 2141 esse.
354 2098 403 2160 cp.
426 2077 469 2140 24
495 2099 576 2160 quae
605 2078 750 2141 oriuntur
778 2098 797 2139 a
825 2096 883 2139 suo
912 2075 1064 2161 cuiusque
1085 2097 1198 2161 genere
1215 2076 1280 2138 vir-

140 2178 230 2240 tutis
274 2176 335 2241 Mit
357 2176 622 2262 hinzugefhgtem
638 2179 806 2260 quoprius:
828 2177 884 2240 fin.
901 2156 932 2258 5¹,
948 2177 990 2241 23
1011 2178 1175 2261 proprium
1188 2191 1280 2241 suum

142 2277 290 2359 cuiusque
305 2299 421 2341 munus
436 2281 493 2342 est.
509 2316 551 2325 -
566 2278 632 2342 Das
654 2276 1034 2362 Privcteigenthum
1048 2273 1279 2344 bezeichnend:

141 2377 196 2441 fin.
218 2379 250 2460 3,
273 2378 315 2441 20
343 2400 408 2442 non
436 2379 623 2444 adversatur
651 2380 699 2443 ius
727 2400 789 2463 que
816 2380 921 2443 minus
949 2401 1042 2443 suum
1064 2380 1204 2465 quodque
1221 2394 1280 2441 cu-

140 2479 252 2562 iusque
281 2480 332 2543 sit.
360 2480 412 2544 off.
437 2483 506 2556 1,7
535 2482 609 2564 quia
637 2502 729 2545 suum
758 2480 908 2564 cuiusque
930 2479 968 2543 fit
989 2501 1108 2547 eorum
1132 2481 1163 2566 2,
1183 2480 1218 2545 22
1233 2471 1282 2539 ut

141 2581 184 2643 sit
220 2581 320 2644 libem
357 2584 389 2644 et
424 2603 489 2654 non
526 2582 665 2646 sollicita
698 2602 772 2645 suae
804 2582 850 2645 rei
883 2583 1034 2665 cuiusque
1066 2582 1124 2666 (al.
1157 2572 1278 2665 cuique)

141 2681 292 2746 custodia.
321 2684 352 2766 3,
377 2683 415 2746 12
443 2687 479 2747 ut
505 2684 587 2747 nihil
615 2704 707 2747 suum
736 2684 886 2766 cuiusque
914 2683 967 2747 sit.
995 2720 1038 2731 -
1064 2682 1199 2770 Hierher
1220 2697 1278 2765 ΕΘ·

139 2781 241 2848 Ιιὸτθυ
276 2783 359 2849 auch
391 2784 543 2868 folgende
577 2784 698 2848 Stellen
734 2805 790 2847 aus
819 2781 1033 2848 Dichtern:
1059 2782 1151 2849 hucr.
1179 2785 1207 2867 4,
1229 2772 1279 2844 44

140 2906 212 2948 cum
240 2907 353 2970 corpus
381 2885 475 2949 simul
503 2889 598 2970 atque
626 2885 723 2949 animi
751 2890 867 2948 natura
898 2887 1063 2969 perempta
1085 2882 1276 2951 ineundis·

140 3008 263 3051 cessum
286 2987 432 3051 dederint
453 2987 627 3071 primordia
649 3007 792 3069 quaeque
815 2985 849 3071 (i.
873 3007 899 3049 e.
923 2986 1029 3050 omnia
1052 2986 1088 3050 in
1110 3009 1167 3051 sua
1186 2985 1275 3071 prim·

139 3087 367 3173 discesserint).
401 3087 492 3173 Virg.
527 3088 626 3172 eclog.
662 3089 692 3170 7,
725 3088 768 3151 54
800 3088 902 3149 strata
933 3086 1040 3179 iacent
1072 3090 1190 3173 passim
1216 3099 1276 3149 sna

139 3188 300 3272 (ublativ)
334 3210 475 3272 quaeque
512 3189 570 3254 sub
604 3189 717 3252 arbore
745 3208 849 3270 poma.
877 3186 992 3252 duven.
1023 3188 1054 3272 7,
1082 3190 1147 3255 213
1173 3180 1274 3255 credit

141 3310 198 3352 sua
219 3311 374 3372 quemque
397 3289 553 3354 iuventus.

222 3393 253 3454 2.
281 3391 367 3457 Suus
399 3429 440 3438 -
475 3392 603 3472 quisquc
637 3389 830 3474 congruiren
865 3388 900 3452 in
937 3390 1136 3474 gleichem
1166 3391 1275 3458 unus·

138 3490 234 3554 Denn
268 3489 368 3556 heisst
395 3512 471 3557 suus
499 3512 534 3555 so
564 3492 625 3556 viel
652 3492 711 3555 wie
739 3492 907 3573 reficimus,
935 3491 1066 3557 idoneus
1095 3482 1275 3578 („passcnd›

136 3592 327 3675 respectiv“)
351 3593 417 3657 und
439 3594 495 3657 das
517 3591 749 3677 hinzngefiigte
772 3593 902 3672 quisquc
923 3590 1002 3655 heht
1016 3592 1068 3657 die
1082 3589 1275 3680 Zugchi'nig‘

136 3692 204 3756 keit
231 3694 307 3758 oder
334 3693 562 3779 Vertheilung,
590 3692 710 3758 welche
740 3692 839 3756 durch
866 3691 922 3756 dus
950 3693 1056 3758 blosse
1077 3693 1273 3759 Reflexium

137 3794 323 3859 bezeichnet
349 3796 443 3878 wird,
472 3794 564 3860 mehr
591 3795 713 3859 hervor.
757 3793 855 3857 Poeta
885 3815 935 3877 ep.
964 3792 1047 3878 Nep.
1076 3795 1146 3883 Att.
1177 3795 1219 3874 11,
1242 3780 1276 3845 fi

135 3896 185 3959 sui
218 3897 333 3980 quique
368 3918 472 3961 mores
506 3897 640 3981 fingunt
668 3894 829 3958 fortunam
857 3894 1040 3959 hominibus
1072 3896 1145 3981 (cns
1171 3895 1274 3960 einern

135 3997 389 4063 vorhlassischen
411 3997 572 4075 Komiker,
596 3996 678 4062 nach
700 3995 797 4059 Ribb.
822 3993 911 4059 Cum.
934 3994 993 4059 rat.-
1007 3995 1063 4060 rel.
1086 3992 1275 4081 ng.108)·

137 4098 210 4164 (iic.
241 4099 279 4163 de
307 4120 352 4164 or.
383 4101 414 4182 3,
441 4100 481 4163 57
511 4120 589 4182 ques
618 4102 726 4161 tamen
755 4096 840 4159 inter
868 4116 979 4159 omnes
1002 4099 1052 4159 est
1073 4118 1131 4161 suo
1151 4100 1276 4181 quoque

134 4200 168 4262 in
196 4221 313 4284 genere
341 4200 518 4264 mediocris,
545 4201 600 4264 fin.
628 4201 660 4281 5,
687 4199 724 4261 17
753 4197 828 4280 quia
850 4196 1001 4279 cuiusque
1023 4199 1123 4280 partis
1143 4200 1277 4263 narina

137 4303 169 4362 ct
196 4301 228 4364 in
253 4323 384 4384 corpure
408 4303 440 4365 et
462 4302 496 4364 in
519 4301 626 4364 animo
650 4321 708 4362 suu
731 4319 874 4381 quaeque
896 4297 943 4361 vis
966 4297 1009 4361 sit
1031 4296 1121 4383 (Vgl.
1144 4292 1277 4385 Madvig

134 4423 172 4463 zu
202 4403 231 4464 d.
266 4402 326 4483 St.)
359 4402 446 4466 acad.
480 4402 511 4484 2,
546 4403 575 4484 1,
610 4401 649 4463 19
682 4403 719 4462 ut
746 4418 840 4463 nemo
872 4398 915 4462 sit
942 4401 1103 4484 nostrum,
1135 4393 1272 4484 quirin
