2850 5002
591 328 815 395 ..1901-

136 482 317 567 elliptisehe
333 482 430 546 Glied
454 482 558 566 t'olgt
580 483 613 546 in
636 479 694 544 der
709 480 812 565 Regel
835 482 907 545 dem
930 479 1226 565 correspondirende

136 583 236 648 selten
260 584 338 668 geht
359 605 392 647 es
416 583 482 646 ihm
505 583 632 648 vorauf.
678 581 788 647 Selten
817 580 986 668 geschieht
1014 604 1049 646 es
1073 582 1180 665 auch,
1194 582 1227 646 da

136 707 176 748 an
200 685 289 749 einer
311 683 466 748 dritten
488 684 590 750 Stelle
613 683 758 749 dieselbe
781 683 922 770 Ellipse,
951 685 1013 750 wie
1041 705 1082 748 an
1105 684 1160 748 der
1180 707 1227 747 zu<

136 796 202 866 ten,
226 785 416 850 wiederbolt
438 785 536 867 wird,
563 786 626 851 wie
649 786 717 851 Cic.
741 786 782 851 ad
805 788 877 851 Att.
901 786 930 867 8,
957 786 1006 867 ll,
1029 786 1051 849 5
1072 785 1156 870 quod
1177 809 1227 872 qua

136 888 192 967 ris,
216 886 293 972 quid
317 888 500 975 scripserit:
526 891 584 970 (se.
609 889 754 973 scripsit)
779 886 865 974 quod
880 909 978 975 saepe
1001 887 1177 973 (scripsit):
1197 909 1227 970 gr

136 988 299 1052 tissimum
328 988 391 1053 sibi
418 1010 506 1072 esse,
535 989 627 1075 quod·
649 989 797 1075 quierim.
842 987 923 1054 Hor.
946 998 1007 1053 sat.
1031 989 1061 1071 2,
1084 989 1116 1068 6,
1138 987 1177 1054 53
1195 1012 1227 1052 no

136 1090 214 1176 quid
238 1090 278 1154 de
300 1090 401 1154 Dacis
425 1091 569 1155 audisti?
596 1128 629 1138 ..
656 1090 711 1154 Nil
734 1090 886 1176 equidem
909 1095 967 1173 (se.
991 1090 1130 1172 audivi).
1171 1089 1212 1154 Ut

136 1214 263 1278 semper
291 1193 353 1256 eris
383 1192 522 1257 derisor!
568 1195 612 1256 At
642 1214 754 1258 omnes
783 1192 817 1257 di
846 1193 1015 1278 exagitent
1036 1213 1104 1272 me,
1134 1191 1227 1277 siqui

135 1314 232 1378 quam
249 1293 403 1379 (audivi).
428 1293 539 1356 Erue
550 1293 682 1358 iterun
691 1317 713 1379 g
736 1294 796 1359 der
811 1293 938 1379 Ellipse
954 1315 996 1357 an
1011 1295 1145 1358 aweiter
1160 1291 1227 1358 Stell

136 1394 205 1458 Oic.
228 1417 261 1480 p.
285 1393 396 1458 Plane.
419 1391 535 1477 25,’60
557 1417 614 1458 eur
637 1396 698 1460 iste
720 1396 757 1462 fit
780 1394 919 1462 consul?
950 1396 1028 1481 quid
1051 1397 1157 1480 potuit
1177 1393 1227 1480 (lie

136 1494 289 1582 amplius,
319 1499 346 1559 si
369 1497 407 1560 L.
432 1495 553 1560 Brutus
577 1507 680 1578 esset,
716 1499 772 1583 qui
801 1497 969 1562 civitatem
997 1497 1164 1562 dominatu
1184 1517 1227 1580 reg

135 1596 313 1661 liberavit?
351 1597 484 1663 Honore
506 1597 587 1662 nihil
609 1599 748 1685 amplius
772 1600 830 1681 (se.
845 1600 914 1663 fieri
930 1600 1061 1684 potuit),
1084 1596 1179 1662 laude
1193 1619 1227 1660 rm

137 1708 216 1762 tum.
238 1735 280 1746 -
302 1698 646 1785 Verschrttnkung
669 1702 788 1764 zweier
810 1700 1047 1765 Verhttltuisse:
1071 1699 1155 1767 Phil.
1170 1700 1198 1781 2,
1220 1704 1227 1762 1

135 1801 176 1864 38
200 1799 258 1865 sed
281 1810 313 1864 et
335 1822 395 1884 ego
426 1801 608 1886 (videbam)
637 1802 717 1887 quid
745 1801 801 1866 ille
824 1803 998 1887 (sentiret),
1022 1810 1054 1866 et
1075 1812 1187 1865 eontra
1207 1799 1227 1864 il

136 1901 215 1988 quid
238 1923 299 1986 ego
321 1904 475 1966 sentirem
498 1912 530 1968 et
545 1913 737 1990 spectarem,
761 1903 907 1969 videbat.
943 1903 1052 1967 Daliir
1073 1901 1227 1988 paralle

136 2001 353 2086 Gliederung:
378 2003 461 2069 Phil.
488 2005 536 2088 12,
561 2008 591 2087 7,
618 2007 655 2070 17
679 2027 738 2090 ego
753 2027 882 2089 semper
903 2003 996 2069 illurn
1018 2005 1144 2068 hostem
1167 2026 1227 2089 app

67 2138 70 2143 ·
135 2104 213 2189 lavi,
236 2127 310 2169 cum
333 2104 388 2170 alii
412 2106 635 2172 adversarium
659 2093 901 2193 (appellarent),
926 2127 1052 2192 semper
1074 2105 1135 2169 hoe
1157 2104 1227 2184 belli

136 2206 344 2295 (appellavi),
379 2231 454 2272 eum·
487 2209 541 2273 alii
575 2208 750 2273 tumultum
786 2208 1025 2296 (appellarent).
1077 2207 1130 2270 An
1163 2206 1227 2270 drit

137 2308 236 2374 Stelle
265 2310 346 2373 wird
379 2332 438 2373 zur
466 2310 672 2376 Verbalform
702 2311 762 2376 der
790 2320 897 2375 ersten
930 2307 1227 2394 zuriiclrgekeb'

137 2411 179 2476 de
205 2433 296 2497 prov.
326 2433 413 2475 cons.
441 2413 490 2494 17,
513 2413 552 2476 41
582 2434 665 2499 quae
695 2433 755 2496 ego
784 2413 891 2476 omnia
919 2432 984 2474 non
1012 2412 1140 2494 ingrato
1161 2410 1227 2473 anir

137 2513 194 2576 sed
218 2511 439 2578 obstinatione
454 2514 594 2598 quadam
611 2513 793 2578 sententiae
807 2510 992 2598 repudiavi.
1030 2511 1137 2593 Quam
1153 2511 1227 2598 sapi«

136 2617 186 2678 ter
209 2613 476 2700 (repudiaverim)
505 2637 569 2679 non
597 2615 729 2701 disputo
736 2665 745 2698 ,
774 2613 884 2679 multis
914 2614 999 2677 enirn
1028 2635 1094 2677 non
1122 2611 1227 2700 proba'

137 2724 324 2780 constanter
356 2715 487 2800 quidem
522 2726 555 2781 et
587 2717 718 2782 fortiter
751 2727 839 2804 certe
873 2713 1084 2802 (repudiavi).
1141 2714 1225 2777 Z‘ufo

137 2819 226 2883 einer
251 2815 475 2882 Anakoluthie
505 2819 630 2882 kommt
658 2840 693 2882 es
721 2840 798 2899 vor,
828 2817 887 2881 das
916 2839 982 2883 von
1011 2817 1093 2879 zwei
1123 2813 1227 2880 Gliedr

137 2921 309 3008 dasjenige
331 2918 639 3004 unvollstandig
661 2920 715 3001 ist,
739 2942 799 2983 aus
823 2918 977 2982 welelrem
1001 2917 1059 2981 wir
1082 2917 1134 2981 die
1156 2916 1227 2999 Elli)

137 3046 177 3087 zu
201 3032 363 3107 erganzen
385 3019 507 3085 haben:
533 3022 629 3086 Tusc.
653 3023 683 3101 5,
706 3022 759 3102 22,
783 3022 822 3086 63
837 3042 932 3106 quam
948 3019 1111 3107 huiclerat
1125 3018 1227 3082 miser*

136 3133 193 3189 ott.
238 3120 438 3187 Musieorum
461 3144 538 3187 vero
559 3111 819 3206 perstudiosum,
846 3131 974 3206 poetam
998 3119 1098 3184 etiarn
1122 3119 1227 3204 tragie‘

63 3260 65 3264 ν
136 3229 197 3306 (sc.
226 3224 328 3287 fuisse
355 3225 553 3308 accepimus)
577 3264 617 3270 -
641 3247 738 3310 quam
760 3225 882 3288 bonum
908 3227 966 3305 (se.
988 3222 1094 3287 fuisse
1120 3240 1227 3304 accep«

136 3328 222 3408 mus)
246 3324 324 3389 nihil
347 3322 490 3389 adrem.
545 3324 708 3391 Aehnlich
731 3325 815 3390 Phil.
839 3326 870 3408 2,
895 3325 945 3407 15,
968 3324 1008 3388 38
1031 3344 1092 3407 ego
1112 3322 1227 3387 incolui

136 3429 195 3491 tati
218 3427 339 3491 civium
354 3428 504 3512 primum,
528 3437 565 3492 ut
580 3435 695 3511 postea
710 3427 865 3511 dignitati
881 3423 1079 3510 (consulere)
1101 3444 1227 3509 possem

137 3527 192 3593 ille
214 3530 379 3614 praesenti
401 3528 553 3612 dignitati
568 3529 647 3615 plus
661 3527 851 3594 consulebat
874 3527 982 3611 (statt:
1007 3525 1097 3612 prins
1113 3523 1227 3591 consu

138 3630 216 3695 dum
238 3630 409 3713 censebat3
439 3629 509 3693 also
531 3629 810 3714 auakoluthiseh).
861 3628 962 3695 Nieht
989 3649 1030 3692 an
1060 3616 1176 3707 erster,
1203 3647 1227 3690 a«

138 3733 219 3797 dern
241 3753 304 3795 nur
325 3752 367 3794 an
391 3732 553 3808 aweiter
575 3731 676 3796 Stella
698 3731 789 3795 kann
812 3730 866 3793 die
889 3727 1015 3814 Ellipse
1037 3729 1095 3795 des
1117 3727 1227 3794 Verba

136 3837 180 3899 im
204 3834 355 3917 Dialog
377 3832 601 3915 vorkommen,
625 3833 686 3897 wie
702 3832 777 3896 Ter.
789 3832 896 3897 Andr.
920 3833 949 3914 1,
975 3833 1004 3913 1,
1026 3831 1068 3895 33
1084 3827 1227 3914 gaudebt

137 3937 209 4001 Non
233 3928 352 4000 iniuria
382 3936 439 4016 (sc.
463 3934 654 4018 gaudebas).
686 3937 712 4015 1,
735 3935 765 4015 2,
790 3934 830 3999 15
858 3932 994 3998 hoccine
1023 3931 1096 4018 agis
1124 3954 1165 3996 an
1190 3946 1227 3994 n(

137 4039 210 4124 Ego
233 4060 311 4103 vero
335 4037 419 4101 istuc
442 4037 546 4120 (ago).
570 4060 601 4099 v.
624 4037 666 4101 23
688 4059 754 4101 non
766 4034 877 4100 hercle
891 4032 1060 4118 intellego.
1097 4031 1227 4106 Nonl(

138 4140 290 4224 tellegis).
334 4137 391 4202 Mit
414 4136 729 4203 stellvertretendem
751 4139 824 4202 item
845 4137 889 4201 ist
911 4137 964 4201 die
981 4134 1107 4223 Ellipse
1128 4134 1170 4198 im
1185 4151 1227 4197 au

137 4252 192 4307 ten
216 4239 335 4305 Gliede
357 4240 410 4304 bei
428 4239 504 4303 Sall.
522 4240 599 4323 Jug.
619 4240 679 4302 100
700 4241 771 4324 ipse
793 4247 937 4302 armatus
960 4238 1179 4323 intentusque,
1199 4234 1227 4298 ir

140 4341 259 4406 milites
283 4341 420 4426 cogebat
443 4343 501 4423 (se.
524 4350 665 4405 armatos
688 4341 894 4425 intentosque
916 4340 1015 4428 esse).
1127 4332 1132 4344 '

225 4442 264 4509 Je
292 4443 450 4509 naebdem
478 4465 546 4509 nun
576 4442 634 4507 das
665 4465 705 4507 zu
735 4440 941 4526 erganzende
963 4439 1110 4506 Verbum
1136 4461 1199 4506 von
