2850 5002
681 307 908 372 -612-

224 458 259 520 11
285 459 318 522 in
341 480 448 522 serum
471 479 574 544 usque
596 467 727 545 patente
750 457 909 525 cubiculo.
954 458 1064 524 Justin
1087 460 1140 542 31,
1163 460 1195 543 2,
1218 460 1238 523 3
1259 459 1293 524 iu
1313 482 1360 543 su·=

222 579 379 646 premum.

306 665 340 744 c)
376 660 441 725 Die
468 662 746 748 Bestimmung
774 663 828 727 fur
855 664 928 728 eine
956 664 1135 729 Zeitdauer
1167 663 1249 728 oder
1277 664 1363 728 einen

222 763 422 850 Zeitpunkt,
460 764 493 827 in
528 763 647 828 beiden
675 763 790 828 Fallen
823 765 883 829 mit
908 764 1024 830 finaler
1051 764 1365 850 Nebenbedeutung.

206 861 524 930 praestantia
545 864 645 930 alium
669 867 841 932 convivam
862 868 1010 954 quaerito
1034 867 1096 932 tibi
1119 868 1152 930 in
1170 868 1259 932 bunc
1274 867 1367 931 diem.

221 965 290 1030 Cic.
307 989 339 1052 p.
355 966 462 1030 Mitt)
484 968 518 1030 in
540 989 661 1031 annum
683 969 868 1055 proximum
890 969 1069 1034 transtulit.
1102 968 1171 1034 div.
1187 970 1256 1051 2,6
1279 991 1367 1055 prae·

222 1067 375 1133 dicuntur
396 1070 429 1132 in
453 1069 571 1134 multos
594 1090 707 1134 annos.
745 1069 807 1154 leg.
830 1092 900 1154 agr.
926 1073 955 1151 1,
978 1072 998 1133 2
1021 1071 1209 1135 auctionem
1232 1109 1275 1118 -
1298 1093 1369 1136 con·

220 1170 368 1249 stitutam
390 1171 424 1233 in
446 1193 590 1235 mensem
606 1171 808 1235 Januarium.
838 1172 891 1237 off.
906 1174 937 1254 3,
964 1172 1002 1236 14
1023 1173 1058 1236 in
1080 1182 1252 1260 posterum
1276 1172 1370 1236 diem.

221 1271 316 1336 Caes.
338 1271 369 1337 b.
391 1293 424 1358 g.
443 1275 470 1354 1,
493 1272 536 1336 20
557 1273 591 1337 in
614 1272 776 1359 reliquum
798 1283 937 1358 tempus.
968 1275 999 1358 3,
1024 1273 1073 1338 16.
1106 1277 1135 1356 1,
1160 1275 1203 1339 53
1226 1274 1263 1337 in
1285 1272 1372 1338 aliud

220 1382 347 1459 tempus
375 1382 609 1439 reservaretur.
655 1374 728 1438 Liv.
750 1375 808 1456 23,
830 1374 873 1438 22
900 1374 1013 1440 consul
1026 1374 1233 1441 'dictatorem
1258 1376 1294 1439 in
1317 1398 1373 1440 sex

220 1497 347 1540 menses
371 1476 466 1540 dixit.
494 1475 572 1560 Vgl.
589 1476 673 1540 oben
688 1476 746 1540 Nr.
763 1498 794 1540 a.
828 1478 859 1558 2,
881 1477 925 1541 42
948 1479 1062 1543 necin
1085 1499 1245 1563 praesens
1267 1477 1375 1561 modo,

219 1577 334 1641 sedin
357 1578 541 1641 venientem
564 1578 661 1642 etiam
685 1599 816 1642 annum.
856 1579 893 1661 3,
916 1579 957 1643 38
980 1581 1014 1643 in
1036 1579 1123 1643 diem
1148 1589 1334 1666 posterum.

305 1679 340 1762 d)
385 1678 436 1743 Zu
459 1677 660 1765 besprechen
688 1688 799 1744 waren
824 1702 893 1743 nun
914 1679 997 1744 noch
1020 1679 1074 1744 die
1096 1682 1196 1746 meist
1219 1681 1376 1768 haufigen

220 1780 434 1846 Ausdriicke:
472 1781 505 1844 in
534 1789 716 1868 posterum,
749 1781 911 1864 futurum,
946 1792 1159 1869 perpetuum,
1190 1792 1375 1867 aeteruum,

218 1905 391 1970 praesens,
414 1892 556 1968 tempus,
578 1881 808 1970 praeteritum,
831 1905 969 1967 annum,
991 1894 1137 1967 noctem,
1161 1884 1270 1967 diem,
1294 1886 1377 1969 dies,

111 2059 113 2063 ¹
220 1984 367 2068 saecula,
390 1994 553 2070 tempora,
577 1983 734 2068 longum,
749 2005 877 2050 aevum.
927 1984 973 2049 Es
995 1995 1122 2072 geniigt
1140 1986 1287 2074 jedocb,
1321 1988 1380 2054 auf

220 2086 273 2152 die
295 2085 516 2153 ausftthrlicbe
538 2084 755 2171 Darstcllung
777 2085 831 2151 bei
853 2087 952 2151 Hand
976 2086 1008 2156 S.
1024 2088 1101 2167 336,
1125 2088 1148 2151 2
1170 2087 1227 2154 bis
1251 2089 1285 2155 S.
1304 2089 1377 2173 343,

221 2189 261 2252 12
283 2211 325 2253 zu
347 2187 538 2254 verveisen.

303 2291 334 2355 3.
379 2287 440 2354 Als
462 2288 615 2354 modale
637 2288 787 2354 Partilrel
810 2289 1003 2370 bezeichnet
1023 2293 1059 2356 ia

304 2394 335 2472 a)
370 2390 423 2455 die
446 2388 586 2474 Folgc‚
616 2390 680 2454 den
702 2391 864 2476 Erfolg,
895 2391 979 2457 doch
1003 2402 1069 2457 erst
1091 2392 1146 2459 bei
1169 2394 1285 2482 Virgil
1309 2397 1377 2462 und

219 2495 263 2558 im
291 2492 456 2560 silbernen
483 2489 610 2556 Latein.
655 2491 749 2576 Virg.
778 2494 819 2558 A.
848 2494 885 2575 6,
913 2493 956 2557 42
985 2495 1019 2558 in
1048 2503 1180 2559 antrum
1212 2499 1251 2580 (i.
1281 2520 1311 2564 e.
1341 2508 1377 2563 ut

220 2604 312 2659 antro
342 2591 458 2658 similis
486 2594 553 2677 sit).
599 2595 654 2676 11,
683 2594 742 2658 771
772 2594 807 2658 in
834 2593 987 2679 plumam.
1032 2594 1118 2661 Vell.
1144 2597 1180 2680 2,
1207 2598 1314 2683 85,4
1341 2602 1376 2665 in

219 2705 356 2760 mortem
379 2693 606 2759 dimicabatur.
652 2694 813 2780 H‘a'ufiger
834 2695 888 2760 bei
911 2695 1062 2761 Tacitus:
1091 2698 1122 2761 h.
1146 2699 1184 2780 5,
1212 2701 1253 2766 15
1275 2702 1376 2787 periti

219 2799 318 2862 nandi
341 2820 415 2862 cum
430 2797 554 2883 ignaris
576 2798 609 2861 in
633 2807 776 2863 mutuam
793 2797 971 2884 perniciem
993 2797 1263 2884 implicabantur.
1298 2825 1373 2866 ann.

222 2905 249 2983 1,
275 2903 313 2964 11
337 2899 438 2964 verba
458 2938 500 2947 -—
522 2900 555 2963 in
579 2901 736 2965 incertum
759 2909 792 2963 et
813 2898 1002 2984 ambiguum
1025 2899 1130 2985 magis
1153 2901 1373 2988 implicaban-

220 3013 281 3067 tur.
319 3003 359 3066 57
382 3002 471 3067 victa
493 3003 527 3065 in
550 3001 711 3065 lacrimas.
753 3001 785 3082 4,
808 3000 850 3064 45
872 2998 1008 3066 vulnere
1029 3001 1064 3065 in
1086 3012 1228 3067 mortem
1251 3005 1372 3071 affecit.

219 3103 260 3167 62
282 3105 315 3167 in
339 3112 474 3168 mortem
497 3101 670 3166 afflixerat.
702 3101 794 3165 Aber
815 3101 906 3166 nicht
931 3102 980 3183 14,
1002 3103 1022 3166 8
1046 3106 1123 3185 (von
1139 3104 1243 3169 Hand
1259 3108 1291 3171 S.
1310 3108 1373 3172 316

219 3206 302 3270 noch
325 3204 437 3291 citirt).
469 3203 595 3268 Colum.
614 3203 662 3286 12,
686 3202 729 3266 24
750 3203 785 3266 in
807 3202 975 3267 dimidiam
998 3213 1125 3289 partem
1145 3206 1370 3294 decoquenda.

220 3305 358 3387 Quintil.
382 3306 417 3390 8,
441 3306 477 3389 3,
501 3306 543 3370 45
571 3305 606 3368 in
628 3312 778 3368 naturam
801 3304 870 3368 eius
893 3306 1125 3393 corrumpitur:
1166 3308 1270 3394 Apul.
1295 3318 1370 3378 met.

221 3409 287 3491 1,2
308 3429 407 3494 parce
429 3408 463 3471 in
483 3408 584 3472 verba
606 3407 669 3470 ista
691 3414 758 3471 tam
780 3405 924 3471 absurda
945 3417 1076 3494 tamque
1098 3408 1259 3474 immania
1281 3433 1369 3477 men·

219 3510 339 3574 tiendo.
372 3511 401 3590 1,
425 3509 444 3572 8
467 3509 500 3571 in
523 3520 684 3594 stuporem
706 3508 877 3573 attonitus.
909 3510 937 3591 1,
963 3508 1002 3573 19
1025 3507 1145 3574 vulnus
1167 3511 1315 3578 dehiscit
1337 3515 1369 3577 in

219 3609 418 3700 profundum
446 3619 601 3696 patorem.
645 3610 682 3692 2,
710 3608 731 3672 4
758 3608 841 3696 lapis
871 3611 987 3675 Parius
1014 3610 1049 3674 in
1075 3611 1221 3676 Dianam
1250 3615 1366 3680 factus.

221 3712 325 3779 ibid:
350 3713 384 3776 in
407 3734 539 3777 cervum
561 3712 697 3775 ferinus.
730 3712 761 3794 3,
785 3710 826 3775 24
848 3713 883 3775 in
905 3734 999 3776 avem
1022 3712 1161 3777 similem
1184 3716 1368 3799 gestiebam

221 3815 304 3904 (soil.
329 3814 472 3894 mutari).
516 3813 552 3896 4,
575 3813 595 3878 5
623 3812 731 3877 iacens
758 3813 792 3878 in
821 3821 983 3878 mortuum
1012 3817 1061 3897 (ut
1089 3823 1221 3880 mortuo
1249 3817 1368 3881 similis

220 3921 329 4000 esset).
360 3917 409 3999 10,
432 3915 474 3980 36
495 3914 529 3978 in
552 3913 632 3979 deae
648 3915 781 3981 Iunonis
805 3915 945 4003 speciem
968 3916 1095 3981 similis.
1125 3917 1155 3997 6,
1179 3916 1223 3981 29
1243 3918 1370 4006 Iupiter

220 4019 361 4106 mugivit
383 4020 417 4082 in
440 4019 566 4083 bovem.
604 4017 635 4099 4,
661 4017 676 4079 1
701 4016 919 4082 inhominem
942 4055 984 4064 -
1006 4040 1190 4103 resurgere.

305 4123 339 4202 b)
376 4119 441 4183 Die
463 4120 536 4183 Art
560 4117 627 4183 und
649 4117 789 4183 Weise.
833 4118 940 4183 Plaut.
964 4119 1055 4183 Trin.
1080 4120 1141 4185 767
1163 4122 1201 4185 in
1222 4124 1368 4209 peregri·
1399 4172 1405 4185 .

221 4246 297 4287 num
320 4224 456 4288 tacciam.
499 4221 595 4286 Most.
623 4221 703 4285 1035
728 4220 975 4308 inperpetuum
998 4243 1040 4287 m.
1080 4221 1149 4286 Cic.
1172 4222 1268 4287 Verr.
1293 4224 1311 4288 J
1317 4226 1369 4304 ,5

221 4323 373 4388 servilem
395 4325 429 4388 in
452 4346 493 4388 m.
513 4324 657 4388 cruciati.
688 4323 719 4405 5,
735 4322 777 4386 28
800 4321 950 4386 hostilem
973 4322 1008 4386 in
1030 4345 1072 4387 m.
1096 4323 1244 4389 cruciati.
1275 4347 1367 4411 prov.

220 4448 309 4492 cons.
331 4426 351 4489 3
373 4426 591 4490 miserandum
613 4426 648 4488 in
670 4448 713 4489 m.
748 4423 841 4517 Caes.
860 4427 894 4489 b.
915 4447 947 4509 g.
969 4426 999 4503 5,
1022 4424 1063 4489 27
1087 4425 1122 4489 in
1144 4424 1230 4489 bunc
1253 4447 1298 4488 m.
1322 4427 1367 4493 lo·
