2850 5002
597 361 827 426 -204-

142 521 169 599 1,
193 518 213 581 6
236 517 322 603 quod
344 516 379 579 in
401 516 499 581 rebus
523 516 668 598 honestis
692 524 724 580 et
746 515 932 600 cognitione
954 515 1065 601 dignis
1088 538 1202 603 operae
1235 547 1250 587 ‹

138 641 259 704 raeque
281 628 429 703 ponetur,
452 619 486 682 id
509 619 580 683 iure
602 616 808 699 laudabitur,
838 616 929 682 utin
953 616 1131 703 astrologia
1152 618 1187 686 Ο.
1208 621 1250 686 S·

138 720 257 807 picium
283 722 432 805 (operam
448 741 624 806 curamque
639 719 802 806 posuisse)
826 717 1024 800 audivimus,
1046 719 1083 783 in
1105 731 1250 804 geometr

138 821 214 887 Sex.
238 821 428 906 Pompeium
451 820 514 907 ipsi
538 821 761 905 cognevimus.
781 820 817 903 2,
842 820 882 883 14
903 819 962 884 sed
984 819 1046 885 hee
1068 816 1197 906 quidem
1217 848 1250 892 n(

138 931 188 986 est
210 944 307 1010 saepe
329 922 515 987 faciendum
538 914 599 988 nec
623 944 765 1008 unquam
787 906 852 987 nisi
873 931 932 986 aut
953 923 1035 1008 reip.
1059 943 1175 1004 eausa,
1196 934 1233 990 ut

138 1046 218 1111 quos
233 1035 308 1089 ante
324 1025 405 1107 dixi,
429 1034 486 1089 aut
507 1023 695 1106 ulciscendi,
717 1033 754 1088 ut
776 1024 840 1087 duo
862 1021 992 1087 Luculli
1016 1024 1200 1108 (fecerunt),
1219 1049 1250 1089 ar

137 1126 326 1211 patrocinii,
359 1130 399 1190 ut'
418 1149 476 1190 nos
498 1148 557 1212 pro
581 1122 700 1192 Siculis
724 1125 908 1211 (fecimus),
942 1146 1002 1210 pro
1025 1124 1141 1190 Sardis
1168 1125 1199 1188 in
1216 1125 1250 1192 llj

7 1273 17 1285 .
138 1226 236 1293 bueio
268 1225 376 1292 Julius
403 1227 522 1312 (feeit).
567 1227 657 1292 Aber
690 1225 850 1312 gleiche
878 1227 1041 1313 Tempora
1076 1227 1149 1291 sind
1180 1248 1250 1291 auru

137 1327 275 1393 nehmen
311 1328 409 1394 Tusa.
432 1329 463 1412 5,
489 1331 526 1394 17
551 1338 584 1394 et
605 1337 654 1393 cst
681 1329 715 1392 in
743 1328 851 1414 aliqua
876 1329 945 1394 vita
973 1326 1192 1414 praedicabile
1212 1326 1250 1393 ali

138 1429 219 1517 quid
242 1439 275 1495 et
297 1430 503 1515 gloriandum
534 1453 572 1494 ae
600 1451 678 1515 prae
701 1428 942 1510 ecferendum,
972 1438 1009 1494 ut
1036 1429 1250 1516 Epaminonda

139 1540 196 1600 ett.
232 1531 318 1615 (scil.
342 1531 501 1616 gloriatur
537 1554 576 1596 ae
597 1554 675 1619 prae
704 1553 740 1596 se
761 1531 852 1618 fert).
891 1530 968 1616 Vgl.
997 1531 1082 1597 eben
1111 1530 1250 1614 (unterfi

138 1632 205 1697 div.
231 1634 260 1716 1,
283 1633 334 1698 33.

469 1854 505 1922 0.
547 1853 724 1936 Tempora
746 1853 819 1920 und
842 1854 947 1921 lledi.

72 2104 79 2121 ι
136 2064 178 2099 -,
222 2030 251 2106 ξ.
280 2025 349 2089 120.
394 2024 439 2088 Es
462 2025 505 2088 ist
528 2023 701 2108 schwicrig
729 2022 808 2120 eder
835 2026 1033 2109 wenigstens
1063 2025 1154 2090 nieht
1180 2025 1250 2111 pul

138 2127 236 2211 tiseh,
272 2125 325 2189 die
354 2123 589 2211 Tempuslehre
623 2147 688 2189 von
720 2124 780 2189 der
811 2125 1021 2191 Moduslehre
1053 2126 1202 2210 ganzlich
1228 2150 1250 2191 u

137 2238 290 2310 trennen3
321 2226 416 2290 beide
445 2225 549 2291 sellen
575 2226 661 2308 also,
684 2248 734 2291 wo
762 2248 796 2290 es
825 2226 1035 2292 erfordcrlich
1064 2227 1203 2310 scheint,
1226 2229 1250 2292 in

137 2328 328 2414 Folgendcn
361 2328 523 2414 vereinigt
555 2328 696 2394 werden.
742 2329 941 2394 Ausserdem
967 2329 1060 2394 kann
1088 2352 1164 2394 man
1188 2329 1250 2394 nich

136 2429 192 2494 bei
214 2430 272 2494 der
295 2429 401 2495 Lehre
423 2452 499 2494 vom
521 2431 692 2495 einfachen
714 2429 812 2496 satae
834 2431 949 2496 stehen
971 2429 1115 2515 bleiben,
1138 2431 1250 2497 senden

138 2554 226 2595 muss
254 2530 471 2616 gelegentlich
504 2531 558 2598 die
587 2531 796 2597 Nebenstitze
823 2531 1057 2615 heranziehen,
1091 2533 1192 2598 webei
1211 2554 1247 2597 nu

136 2633 322 2719 diejenigen
360 2621 534 2717 speciellen
571 2631 839 2719 Erscheinungen
876 2634 935 2699 der
969 2633 1130 2700 letzteren
1164 2653 1250 2719 ausgc

137 2733 309 2800 schlosseu
328 2733 467 2815 bleibcn,
490 2733 612 2799 welche
634 2742 746 2820 apator
761 2737 806 2798 im
821 2735 948 2800 vierten
963 2734 1080 2802 Theile
1102 2735 1250 2803 besender

135 2836 315 2902 behandelt
336 2837 476 2900 werden.
492 2874 533 2884 -
548 2837 618 2900 Das
642 2832 903 2902 Verhaltniss
926 2837 996 2901 des
1012 2838 1179 2903 Lateins
1199 2859 1250 2902 suu

72 3002 74 3007 .
137 2936 437 3003 Griechisehen
469 2937 513 3001 ist
540 2937 632 3004 nicht
657 2960 693 3003 se
726 2940 919 3023 ungiinstig,
953 2941 1017 3003 wie
1045 2961 1079 3003 es
1110 2939 1164 3005 bei
1184 2940 1250 3003 obet

135 3038 323 3104 flaehlieher
338 3038 560 3124 Betrachtung
583 3039 757 3122 erschcint,
780 3038 866 3104 denn
888 3039 1040 3124 ebglcich
1064 3041 1123 3105 der
1138 3038 1250 3106 Grieelr

136 3142 247 3205 seinen
275 3141 389 3205 Aerist
416 3141 482 3205 und
514 3141 651 3226 Optativ
681 3150 799 3204 sammt
827 3141 890 3206 den
918 3165 954 3206 so
982 3141 1191 3227 mannigfach
1215 3162 1250 3226 ge

136 3241 316 3308 brauehtcn
338 3241 510 3307 Par·tikcln
533 3241 592 3306 κέν
614 3241 682 3305 und
704 3240 748 3306 ἄν
763 3245 881 3307 vorau's
904 3243 971 3326 hat,
993 3244 1118 3309 besitzt
1139 3242 1250 3308 derRii

135 3365 204 3408 mer
237 3343 334 3407 dafiir
367 3344 420 3408 die
452 3343 687 3428 reichhaltigen
721 3342 1017 3432 periphrastisehen
1045 3345 1185 3411 Fermen
1214 3342 1250 3408 de

1 3436 3 3441 ’
134 3445 312 3509 Futurums
339 3445 406 3509 und
436 3446 490 3509 die
519 3445 714 3530 der-Legik
742 3445 1180 3534 entspreehende‘Tempus·
1205 3467 1250 3510 uu

134 3546 358 3631 Medusfelge,
381 3546 537 3612 wodurch
565 3546 620 3611 die
642 3547 810 3612 Pracisien
837 3549 882 3612 im
905 3548 1084 3615 Ausdruck
1113 3546 1250 3614 erheblie

135 3649 291 3732 gewinnt.

220 3753 250 3831 ς.
274 3751 342 3818 121.
388 3751 456 3816 Das
480 3751 636 3817 Praesens
663 3750 854 3817 bezeichnet
881 3751 1040 3817 ruweilen
1069 3751 1141 3817 eine
1162 3749 1250 3815 Hanc

135 3852 231 3936 lung,
254 3851 307 3916 die
329 3852 399 3917 sich
422 3875 493 3917 aus
516 3852 586 3917 der
608 3851 942 3938 Vergangenheit
964 3852 1027 3918 bis
1051 3853 1093 3918 in
1113 3852 1176 3918 die
1195 3849 1250 3917 G·

134 3963 316 4040 genwart
338 3954 515 4020 erstreclrt:
544 3953 649 4020 Plaut.
675 3954 775 4020 Stich.
797 3955 829 4037 4,
855 3954 883 4037 i,
905 3953 948 4020 23
969 3976 1066 4040 quam
1097 3952 1250 4021 dudrm':

135 4065 264 4141 portum
288 4053 405 4118 venis?
428 4055 526 4120 True.
549 4056 580 4136 2,
603 4056 635 4137 4,
658 4057 678 4121 8
701 4055 803 4141 salve,
824 4055 933 4121 hicine
955 4055 1053 4121 hodie
1075 4076 1184 4137 cenas,
1203 4072 1250 4117 su

134 4178 193 4222 vos
216 4179 313 4242 quom
328 4155 488 4224 advenis?
511 4156 609 4243 Epid.
632 4159 662 4241 3,
677 4158 708 4240 4,
724 4158 763 4222 61
788 4158 860 4245 plus
883 4157 948 4221 iam
970 4156 1076 4226 libers
1097 4152 1250 4243 numqui]

135 4260 322 4346 quennium.
343 4257 411 4321 mil.
434 4258 466 4340 3,
492 4259 521 4338 1,
547 4259 606 4322 102
629 4260 693 4322 iam
717 4258 859 4345 pridem,
888 4261 964 4344 quia
986 4259 1069 4325 nihil
1091 4250 1250 4327 abstuleri

136 4369 302 4424 suscenset
329 4360 459 4423 tor-aria.
492 4360 591 4425 Peon.
624 4362 702 4443 1,2,
726 4362 746 4425 a
774 4383 850 4425 nam
872 4383 931 4425 nes
959 4382 1064 4447 usque
1090 4363 1134 4429 ab
1157 4372 1250 4424 auro:

64 4494 68 4514 ν
96 4448 99 4454 Α
134 4460 177 4528 ad
199 4460 259 4526 hoc
281 4460 367 4547 quod
391 4461 488 4527 dieist
511 4483 552 4528 ex
580 4458 743 4529 industria
774 4461 891 4528 ambae
912 4458 1083 4549 nunquam
1109 4478 1242 4529 wasers
