2850 5002
515 296 819 360 .„39.-

142 455 324 518 Pronomen
347 451 534 516 Substantiv
556 451 607 514 ist.
653 448 698 512 Zu
721 449 782 512 den
804 447 837 511 in
860 452 890 529 ξ.
909 449 947 511 16
970 447 1152 511 0313133103
1170 447 1283 532 Singu-

143 556 233 619 laren
256 555 379 617 kommt
400 552 452 616 bei
474 551 603 615 Tacitus
623 549 734 615 hinzu:
758 555 894 631 equester
916 549 1123 632 03331316.
1143 588 1180 595 -
1196 547 1284 612 Η113-

142 658 225 741 figor
247 655 294 718 als
317 653 373 718 der
394 652 584 718 Nominativ
605 652 677 726 sind
701 651 751 714 die
773 650 908 735 iibrigen
931 649 1040 733 Casus,
1064 649 1131 713 also

232 760 259 821 1.
284 754 518 819 Accusativ:
542 753 606 818 eie.
629 753 715 816 Lael,
738 753 758 815 2
781 753 972 817 adulantem.
990 773 1035 819 03.
1055 754 1283 834 lsequentem.

145 859 240 922 Tusc.
263 858 294 940 4,
320 856 358 919 12
380 853 567 919 iracundum
590 876 666 917 esse.
698 853 795 917 Ibid.:
818 857 976 917 amantem
1000 856 1111 935 (esse).
1134 852 1171 917 de
1192 875 1237 916 or.
1254 855 1284 937 3,

143 962 187 1024 51
204 961 288 1022 inter
303 957 431 1020 doctum
447 959 479 1019 01
493 955 612 1019 rudem.
629 955 681 1018 off.
698 956 729 1038 2,
749 956 788 1018 14
802 955 969 1039 nefarium,
985 954 1128 1037 impium.
1152 953 1283 1030 Quintil.

145 1063 196 1144 11,
215 1064 242 1143 1.,
259 1060 300 1123 45
315 1080 381 1122 non
397 1055 480 1120 idem
500 1057 584 1141 apud
602 1057 768 1137 eruditum,
789 1056 872 1140 quod
888 1056 1058 1120 militarem
1074 1077 1109 1119 ae
1131 1056 1284 1120 rusticum

142 1162 266 1225 deceat.

230 1261 418 1326 21101133
448 1259 513 1325 Cic.
543 1259 629 1323 Lael.
662 1261 701 1322 19
723 1259 921 1342 superiorem
948 1279 1057 1342 parem
1086 1281 1153 1323 esse
1176 1259 1284 1323 inferi·

141 1365 202 1428 ori.
227 1364 334 1426 deor.
358 1363 387 1445 2,
410 1362 452 1424 44
481 1382 577 1445 aegro
607 1360 755 1444 adhibere
783 1361 983 1425 medicinam.
1007 1382 1051 1424 or.
1075 1360 1117 1423 22
1139 1361 1284 1444 improbo

140 1466 294 1529 stultove.
339 1462 420 1527 Phil.
445 1463 494 1545 11,
517 1463 536 1526 8
558 1461 660 1525 otioso
688 1465 720 1524 et
742 1461 823 1525 nihil
846 1463 955 1546 agenti
982 1461 1118 1545 privato
1145 1500 1181 1508 -
1206 1461 1282 1526 Sall.

137 1564 390 1655 3033421030
417 1563 502 1627 vinei
533 1562 631 1626 satius
661 1566 718 1626 est.
743 1601 785 1609 -
807 1562 875 1627 Liv.
900 1563 929 1646 6,
952 1565 971 1648 3
994 1563 1137 1647 1303011333
1159 1564 1282 1628 inermi.

138 1669 194 1750 26,
217 1667 258 1730 26
282 1666 308 1729 31
331 1663 406 1749 quid
429 1664 596 1748 iniungere
618 1664 761 1728 inferiori
784 1664 872 1728 velis.

228 1768 257 1831 3.
282 1765 452 1831 Genetiv
475 1764 596 1829 sowohl
620 1787 681 1828 von
703 1765 894 1849 Adjeetiven
918 1766 964 1830 als
987 1787 1051 1830 von
1072 1765 1283 1850 Partieipien:
1407 1795 1421 1814 κ

140 1875 178 1952 a)
202 1867 375 1944 besonders
398 1867 483 1930 beim
505 1866 646 1931 Verbum
669 1887 748 1932 esse:
772 1867 836 1932 610.
860 1866 945 1930 Lael.
962 1868 1038 1931 4ne
1061 1867 1159 1930 invidi
1182 1867 1284 1950 magis

142 1993 240 2055 quam
268 1969 360 2032 amici
386 1968 437 2031 sit.
462 1968 514 2031 off.
542 1970 569 2050 1,
592 1952 748 2032 23103113
777 1970 809 2031 01
832 1969 1008 2032 constantis
1037 1970 1092 2031 est.
1119 1971 1146 2051 1,
1169 1968 1211 2030 24
1233 1969 1283 2032 de-

144 2071 260 2136 mentis
282 2072 339 2134 est.
366 2071 393 2151 1,
417 2068 458 2131 28
482 2089 548 2131 non
573 2067 674 2132 solum
698 2069 879 2154 arrogantis
909 2073 968 2153 031,
992 2069 1046 2132 sed
1070 2069 1200 2132 omnino
1223 2069 1280 2155 dis

144 2173 252 2237 soluti.
275 2171 369 2235 Tuso.
397 2171 423 2248 1,
447 2170 487 2234 36
510 2169 678 2234 3031103113
701 2173 758 2234 031.
783 2210 823 2217 -
846 2171 882 2253 1)
907 2169 953 2234 als
974 2169 1054 2235 Gen.
1075 2172 1283 2252 possessivus:

145 2275 212 2340 Cio.
235 2296 267 2336 n.
293 2271 322 2334 d.
347 2271 423 2352 3,2
455 2272 540 2334 (10011
572 2274 628 2334 aut
660 2271 783 2336 indocti
812 2273 922 2336 oratio.
952 2272 1015 2336 div.
1041 2274 1069 2354 1,
1093 2272 1135 2336 30
1168 2294 1283 2356 eorpus

141 2373 331 2439 dormientis
348 2373 390 2435 ut
411 2372 537 2435 mortui.
561 2371 652 2436 Verr.
675 2373 706 2456 4,
726 2375 766 2435 41
797 2374 831 2437 in
859 2373 996 2467 improbi
1025 2373 1203 2456 praesentis
1226 2373 1282 2436 im-

139 2476 241 2562 perio,
266 2473 305 2538 ad
328 2472 387 2548 Qu.
410 2471 449 2535 fr.
478 2474 503 2554 1,
528 2474 557 2555 3,
584 2476 597 2534 1
623 2473 746 2556 effigies
769 2475 922 2558 spirantis
941 2475 1066 2538 mortui.
1084 2476 1121 2538 ad
1138 2477 1206 2539 Att.
1234 2475 1282 2558 12,

141 2580 181 2641 21
205 2575 299 2641 fortis
314 2572 454 2657 aegroti.
480 2611 516 2618 —
543 2575 573 2659 0)
598 2574 645 2637 als
670 2574 747 2640 Gen.
771 2577 951 2658 abjectivos:
974 2575 1282 2659 (1100313340-

141 2678 272 2742 miratio
301 2675 428 2757 copiose
458 2674 681 2759 sapienterque
704 2675 847 2742 dicentis.
878 2675 1011 2751 Quintil.
1037 2677 1086 2760 11,
1113 2678 1140 2754 1,
1165 2677 1204 2740 16
1227 2676 1283 2741 im-

141 2780 272 2864 patiens
294 2774 476 2858 superioris.

228 2879 258 2941 4.
282 2876 461 2960 Ablativ‚
489 2877 549 2940 mit
576 2878 641 2940 und
669 2877 752 2941 ohne
775 2877 995 2961 Pr'aiposition:
1025 2877 1090 2944 Cio.
1120 2879 1158 2942 de
1181 2900 1227 2942 03.
1254 2881 1282 2958 1,

146 2982 167 3046 5
190 2980 290 3043 111030
313 2977 421 3061 digna.
447 2976 530 3041 Lael.
556 2979 595 3041 15
617 2978 789 3061 insipiente
811 2979 984 3042 fortunate.
1008 2979 1047 3043 de
1070 3002 1116 3043 03.
1133 2981 1163 3062 3,
1180 2981 1222 3044 44
1243 2981 1282 3045 ab

143 3081 292 3165 imperito
316 3078 441 3141 dicendi
463 3078 649 3163 ignaroque.
672 3103 705 3162 p.
729 3079 849 3144 Mun3
871 3103 891 3143 a
912 3080 1063 3164 gratioso
1088 3080 1178 3145 Verr.
1196 3081 1225 3165 2,
1241 3082 1282 3145 24

143 3182 218 3267 quid
242 3183 292 3245 est
313 3180 436 3263 turpius
460 3179 610 3264 ingenuo,
641 3179 714 3263 quid
743 3181 848 3244 minus
870 3181 970 3245 libero
994 3182 1152 3267 dignum?
1174 3183 1228 3248 fin.
1251 3184 1280 3267 2,

146 3287 183 3348 11
208 3304 270 3346 non
295 3281 333 3344 310
356 3281 510 3364 improbo,
533 3281 588 3344 sed
610 3283 648 3345 de
671 3282 784 3351 callido
806 3283 950 3366 improbo
973 3284 1161 3366 quaerimus
1186 3284 1280 3348 Tusa.

146 3389 174 3468 1,
197 3385 238 3448 36
260 3383 293 3444 in
316 3385 449 3445 mortuo,
475 3419 512 3428 -
536 3382 603 3446 Liv.
627 3383 657 3465 5,
675 3384 712 3445 21
738 3384 779 3446 ab
794 3384 908 3448 inermi
925 3385 1132 3450 abstineatur.
1149 3426 1189 3434 -
1206 3384 1279 3450 Seu.

145 3484 247 3550 003331.
272 3484 311 3545 18
334 3504 352 3545 a
374 3504 507 3564 procace
531 3485 563 3546 et
578 3483 713 3568 superbo
729 3488 761 3548 et
776 3485 937 3551 iniurioso.
962 3486 1146 3570 103211,
1168 3489 1189 3550 4
1211 3509 1282 3552 oum

143 3589 316 3653 exercitato
340 3584 494 3647 01310010.

228 3695 258 3772 ξ.
287 3688 336 3750 19.
368 3683 434 3747 Das
457 3685 668 3751 Masoulinum
692 3688 747 3773 der
769 3688 995 3772 Participis
1023 3689 1102 3753 wird
1127 3689 1216 3754 mehr
1238 3690 1281 3755 im

143 3792 253 3861 Plural
274 3789 322 3853 als
344 3788 388 3850 im
411 3784 563 3869 Singulae
585 3789 817 3854 substantivirt.
917 3829 921 3836 -

229 3895 258 3956 1,
282 3889 403 3954 Portis.
413 3892 590 3969 proesentis
597 3913 607 3953 .·
622 3892 758 3978 sopiens,
775 3880 953 3958 odoteseeos
968 3892 1033 3955 und
1044 3891 1156 3976 htufig
1168 3914 1282 3957 aretoas

141 3995 234 4062 nieht
261 4013 322 4055 nur
351 3987 401 4051 bei
430 3988 491 4051 den
518 3988 702 4077 Komikern,
731 3993 868 4057 sondern
891 3992 971 4056 auch
993 3993 1045 4058 bei
1065 3992 1224 4058 CieTuse.
1249 3995 1279 4078 4,

145 4100 184 4163 12
208 4095 369 4160 amantem
381 4087 466 4169 (soil.
483 4093 566 4177 0330)
582 4094 646 4157 und
661 4095 713 4158 'bei
729 4095 790 4159 den
805 4093 1001 4159 klassisehen
1016 4094 1187 4159 Dichtem:
1205 4096 1281 4160 Lue-

142 4224 206 4281 rez,
230 4194 347 4280 virgil,
368 4187 488 4273 Horas,
513 4194 603 4259 Ouid.
634 4196 1046 4277 0112143300031033-
1078 4195 1161 4261 Son.
1190 4199 1280 4262 elem.

144 4320 173 4385 1,
200 4300 248 4381 19,
273 4299 289 4360 1
312 4291 449 4381 regenti.
473 4333 514 4340 —
537 4295 642 4362 Ueber
665 4298 725 4362 den
750 4299 863 4364 Aecus.
887 4298 952 4361 und
975 4297 1088 4362 Genet.
1114 4298 1230 4384 singul.
1256 4322 1279 4364 s.
1349 4333 1352 4337 ·

142 4407 173 4484 ξ.
200 4401 249 4485 18,
276 4400 292 4463 1
316 4402 382 4467 und
404 4403 435 4467 3.
