2850 5002
513 328 553 342 -
597 289 659 355 561
702 327 746 339 -
850 321 852 325 ’

54 465 85 529 p.
109 441 144 505 id
169 452 307 530 tempus.
338 444 368 525 6,
394 445 411 506 1
435 433 467 530 Ρ
490 441 545 507 1118
572 452 727 528 tempora.
766 445 795 526 1,
819 444 837 507 7
866 452 989 508 aetates
1013 467 1044 528 p.
1069 442 1198 507 multas.

54 542 151 610 Eben
181 566 216 609 so
246 544 300 609 bei
327 544 504 630 Spatcrem
536 566 601 610 von
628 542 734 609 denen
762 543 882 610 Sueton
910 545 995 609 auch
1024 555 1113 630 sagt:
1141 565 1201 630 per

53 645 143 711 haee
159 646 422 728 „unterdessen“
445 644 561 711 Claud.
583 645 635 710 27.
665 665 724 732 Ρ81
746 667 829 732 quae
850 645 925 710 Tib.
949 647 1000 712 52.

140 748 172 813 3.
196 747 260 813 Per
282 747 339 812 hat
361 745 710 812 instrumentalen
733 746 814 811 Sinn
835 747 903 811 und
925 747 1117 814 bezeichnet

141 849 174 932 a)
198 850 250 914 die
283 850 451 931 Person,
493 848 595 912 durch
635 849 734 912 deren
768 848 1066 936 Vermittelung
1099 859 1200 915 etwas

54 949 243 1035 geschieht:
272 951 378 1017 Plaut.
401 949 471 1015 Mil.
497 950 839 1036 1225Ρ811111811818.
876 950 975 1016 Poen.
998 952 1029 1035 5,
1051 953 1081 1034 4,
1107 953 1147 1016 14
1168 976 1200 1038 p.

55 1075 153 1140 quem
177 1055 333 1117 vivimus.
364 1050 483 1117 Caecil.
508 1052 648 1116 Statius:
672 1076 703 1139 p.
728 1052 898 1117 servolum.
928 1053 997 1119 Cic.
1014 1052 1108 1119 Rosc.
1125 1054 1200 1122 Am.

53 1155 97 1219 29
120 1177 179 1242 Ρ81
202 1154 306 1242 quos?
328 1177 360 1241 p.
384 1152 472 1219 Sulla
495 1153 536 1216 22
558 1177 589 1240 p.
607 1151 785 1218 Caecilium
803 1153 892 1219 Sulla
914 1165 1092 1220 accusatur.
1124 1156 1201 1221 Und

55 1279 92 1320 so
118 1256 154 1319 in
180 1255 266 1321 allen
295 1256 419 1321 Zeiten.
470 1255 594 1340 Httufig
627 1257 670 1319 ist
699 1277 757 1338 per
787 1276 834 1339 se,
868 1255 1006 1321 welches
1037 1257 1202 1322 entweder

55 1358 185 1443 „durch
218 1358 287 1422 sich
321 1358 446 1424 selbst“
482 1358 560 1422 oder
601 1381 667 1440 „an
702 1358 769 1421 und
800 1357 854 1422 fur
885 1359 978 1423 sich“
1011 1360 1067 1445 (τε
1099 1359 1201 1444 solus)

54 1462 220 1526 bedeutet.
1005 1458 1008 1464 ’

144 1565 178 1646 5)
202 1563 272 1626 8188
296 1561 437 1646 Sache,
466 1562 524 1626 das
552 1559 687 1626 Mittel
715 1562 795 1627 oder
818 1561 1069 1648 Werlrzeug:
1093 1558 1201 1629 Plaut.

55 1664 130 1728 Mil.
149 1664 230 1729 1225
243 1688 274 1750 p.
292 1662 475 1751 epistulam.
507 1663 628 1731 Caecil.
646 1664 786 1728 Statius:
809 1687 840 1750 p.
858 1663 993 1730 litteras,
1040 1665 1202 1730 Dasselbe

34 1762 112 1830 'bei
136 1766 204 1830 Cic.
229 1767 323 1829 Verr.
347 1766 377 1846 2,
400 1767 430 1848 8,
454 1763 585 1861 241181
608 1764 700 1828 51181.
737 1765 813 1829 fam.
839 1767 867 1844 1,
891 1766 943 1849 32,
966 1767 986 1830 2
1008 1791 1040 1852 p.
1064 1769 1203 1832 Antonii

55 1889 229 1955 personam
253 1868 430 1953 disputata.
465 1867 532 1929 inv.
566 1866 594 1947 1,
624 1866 662 1929 31
688 1888 718 1952 p.
741 1865 972 1931 inductionem.
1002 1869 1053 1933 53.
1076 1870 1127 1934 54.
1150 1870 1201 1934 55.

55 1970 100 2035 56
126 1969 209 2053 (hier
230 1967 409 2033 besonders
433 1967 568 2052 haufig).
600 1966 629 2048 2,
654 1967 691 2030 17
712 1990 743 2052 Ρ.
767 1968 969 2034 seditionem.
999 1970 1042 2034 22
1056 1994 1087 2057 Ρ.
1105 1994 1220 2057 quam.

57 2071 94 2158 (4
121 2069 213 2156 Mal).
257 2069 420 2135 Dasselbe
447 2070 477 2153 2,
506 2070 548 2134 53
575 2092 606 2132 u.
637 2068 679 2132 54
707 2070 738 2149 (1
768 2068 859 2154 Mal).
890 2071 984 2135 Rosc.
1014 2073 1089 2137 Am.
1120 2074 1140 2134 2
1168 2098 1199 2161 p.

56 2173 165 2238 scelus
187 2211 229 2219 —
249 2195 282 2258 p.
305 2170 480 2236 luxuriam.
518 2171 610 2234 Verr.
641 2169 687 2253 ΙΙ,
719 2172 745 2251 1,
774 2171 824 2234 21.
855 2171 907 2235 22.
931 2212 971 2220 -
1001 2173 1094 2238 Caes.
1118 2174 1150 2239 b.
1173 2199 1200 2240 c.

56 2276 93 2356 3,
122 2275 164 2338 82
191 2297 221 2360 Ρ.
250 2276 320 2339 eius
349 2274 576 2337 auctoritatem
607 2269 773 2356 deeeptus.
822 2275 881 2337 Boi
912 2274 1107 2339 Klassikern
1134 2277 1202 2340 und

57 2378 235 2464 Sptteren:
265 2397 325 2458 per
358 2378 423 2440 8181
461 2373 554 2458 (aber
587 2373 619 2434 iu
653 2370 849 2445 demselben¹
878 2374 977 2440 Sinne
1011 2376 1110 2454 auch:
1144 2379 1201 2462 oi).

57 2479 148 2546 Suet.
172 2477 238 2543 Jul.
263 2477 303 2540 16
326 2479 357 2543 vi
382 2499 420 2540 ae
442 2499 500 2564 per
522 2496 621 2540 arma.
660 2473 701 2539 74
728 2498 758 2562 p.
790 2498 960 2542 venenum.
996 2478 1071 2542 Tib.
1101 2480 1140 2543 18
1170 2503 1202 2565 p.

56 2578 197 2645 libellos.
221 2601 355 2664 gramm.
379 2579 399 2642 6
421 2601 480 2667 per
500 2600 597 2642 unam
620 2577 647 2641 L
670 2576 813 2640 litteram
836 2580 993 2665 seriptum
1012 2583 1146 2668 —ipse
1168 2582 1202 2644 id

57 2705 118 2770 per
142 2680 222 2746 duas
246 2680 348 2745 effert.
379 2679 464 2745 Just.
490 2681 518 2761 1,
538 2681 563 2742 4
585 2703 616 2764 Ρ.
646 2678 793 2742 ordinem
823 2684 1036 2747 successionis
1065 2705 1201 2768 regnum

57 2783 103 2848 ad
126 2785 295 2870 Astyagen
319 2781 497 2846 deseendit.
528 2782 558 2858 5,
584 2781 623 2843 10
643 2803 675 2867 Ρ.
699 2779 835 2845 18811188
859 2783 1120 2869 comprehensus.
1150 2807 1203 2871 cp.

61 2889 100 2950 11
131 2907 190 2951 888
217 2906 275 2971 per
303 2882 602 2962 dissimulationem,
634 2882 692 2945 sed
720 2892 835 2967 aperta
862 2885 1076 2969 professione.
1106 2887 1200 2968 26,·1

57 2987 140 3053 urbs
168 2987 211 3052 ab
233 2985 425 3049 Aristotimo
452 3007 483 3069 p.
511 2982 720 3071 tyrannidem
749 2993 937 3070 occupatur.
959 3025 1002 3034 -
1024 2986 1088 3053 Per
1109 2989 1203 3072 fidem

56 3089 178 3172 follere,
199 3089 333 3168 leedm,
356 3087 578 3151 circumvenire
601 3085 685 3149 51181
707 3084 760 3149 581
782 3084 907 3170 Oicero,
932 3088 1053 3152 Caesar
1075 3113 1105 3154 u.
1130 3113 1159 3154 a.

146 3186 386 3277 Urspriinglich
409 3189 465 3252 hat
488 3211 556 3251 nun
579 3209 668 3251 zwar
696 3185 766 3250 dies
794 3189 1041 3254 instrumentale
1057 3214 1117 3275 per
1140 3191 1204 3256 den

59 3291 158 3378 Weg
179 3290 380 3374 bezeichnet,
403 3291 462 3354 auf
482 3288 636 3355 welchem
659 3310 733 3351 man
757 3312 829 3352 zum
846 3289 938 3355 Ziele
959 3292 1102 3378 gelangt,
1126 3293 1205 3358 aber

59 3393 165 3460 schon
186 3393 270 3474 11115,
295 3391 472 3456 vereinzelt
494 3413 591 3476 sogor
612 3392 646 3454 in
669 3390 869 3456 lrlassischer
891 3394 977 3477 Zeit,
1005 3394 1205 3458 namentlich

60 3497 141 3560 aber
156 3495 218 3560 seit
234 3494 361 3576 Livius,
384 3494 592 3579 gebrauchen
608 3514 644 3555 88
664 3490 718 3556 118
735 3491 919 3575 Prosaiker,
942 3518 1001 3558 um
1025 3498 1095 3562 mit
1118 3496 1204 3560 dem

61 3597 236 3664 Ablativ
258 3619 304 3660 zu
326 3594 544 3660 wechseln:
576 3594 670 3659 Caes.
694 3592 724 3656 b.
748 3617 777 3658 8.
799 3596 829 3675 3,
852 3595 894 3660 55
922 3618 980 3684 Ρ81
1008 3598 1075 3663 vim
1104 3621 1204 3684 expu-

59 3721 164 3784 gnare
178 3737 219 3747 -
235 3698 379 3763 amicitia
402 3697 586 3763 conciliare.
618 3692 693 3760 Sall.
716 3694 738 3760 J
741 3717 793 3780 ug.
817 3698 835 3761 7
852 3718 956 3784 neque
972 3722 1001 3783 p.
1019 3701 1085 3765 vim
1100 3721 1205 3786 neque

60 3800 201 3866 insidiis.
236 3800 278 3864 23
307 3809 363 3865 aut
388 3823 419 3885 p.
456 3802 522 3864 vim
556 3808 613 3862 aut
646 3796 741 3862 dolis.
777 3797 850 3861 Liv.
879 3800 909 3883 2,
937 3801 1090 3864 4281188
1119 3802 1204 3866 extis

60 3926 150 3968 nunc
171 3925 230 3989 per
252 3924 341 3967 aves.
372 3903 402 3986 6,
424 3902 444 3967 3
467 3924 532 3966 non
555 3901 589 3964 vi
611 3909 752 3986 captum,
781 3897 839 3963 sed
862 3904 1018 3967 traditum
1040 3926 1071 3990 p.
1095 3901 1204 3966 condi·

62 4005 185 4071 ciones.
215 4003 386 4087 129181
409 4005 454 4085 vi,
479 4004 535 4066 881
552 4026 583 4089 Ρ.
607 4001 817 4065 deditionem.
848 4002 878 4084 6,
899 4004 939 4068 37
963 4003 1034 4088 lege
1057 4003 1204 4068 8511888-

62 4106 143 4171 dum
166 4126 249 4187 esse,
273 4105 360 4191 quod
382 4106 522 4169 comitiis
552 4104 770 4191 pergratiam
793 4115 944 4190 nequeat.
981 4106 1010 4186 7,
1033 4106 1075 4170 30
1096 4107 1204 4193 potius

63 4206 222 4272 beneficio
245 4244 286 4254 -
309 4230 405 4293 quam
428 4231 459 4294 p.
482 4205 688 4270 maleficium.
723 4207 752 4284 8,
783 4207 803 4268 2
830 4229 895 4271 888
922 4206 1150 4288 foedere,=sed
1173 4231 1205 4294 p.

65 4306 277 4374 deditionem.
315 4309 345 4392 9,
373 4311 393 4372 5
421 4332 485 4372 888
513 4307 655 4390 1881818,
685 4309 743 4372 881
770 4331 801 4395 Ρ.
830 4310 1048 4395 sponsionem.
1083 4309 1136 4392 29,
1168 4308 1206 4372 19

63 4408 138 4498 plus
162 4434 194 4497 Ρ.
219 4411 421 4493 seditionem,
445 4433 541 4497 quam
564 4409 660 4513 58118.
697 4410 750 4493 39,
774 4410 792 4474 8
821 4410 923 4474 multa
945 4408 1030 4492 dolo,
1053 4410 1206 4496 pleraque
