2850 5002
596 419 827 483 -214-

140 571 238 638 sehen
262 594 326 636 von
349 573 412 636 den
434 571 468 635 in
496 575 527 653 ς.
554 571 613 636 126
645 594 686 636 zu
716 570 965 637 behandelnden
994 571 1127 654 Pallen,
1154 593 1205 636 wc

140 673 325 759 Hauptsatz
349 675 392 737 im
410 674 569 738 Praesens
592 672 800 757 voraut'geht)
822 673 889 737 und
912 695 1001 738 zwar
1022 672 1115 738 recht
1136 672 1225 738 eride

139 775 181 840 ad
204 768 282 839 sam.
304 776 334 856 3,
359 775 388 856 9,
414 778 428 838 1
454 776 495 839 iis
518 797 595 840 vero
618 773 735 839 litteris
752 772 844 839 lectis
861 813 901 821 —
916 774 1057 860 cognovi
1074 773 1225 839 intellexi<

139 877 174 940 in
204 878 372 964 provincia
402 865 519 942 multos
548 877 667 958 fuisse,
703 876 758 963 qui
786 898 864 958 nos,
898 897 961 963 quo
990 876 1098 941 animo
1119 878 1225 942 inter*

141 1001 269 1059 sumus,
292 1000 364 1042 csse
386 977 525 1059 nollent,
555 979 594 1042 ad
619 977 734 1042 urbem
756 999 834 1042 vero
856 987 892 1042 ιιι
915 980 1079 1044 accesseris
1101 976 1156 1043 vel
1176 968 1225 1065 pet

139 1089 175 1143 ιιι
197 1080 338 1165 primum
362 1089 434 1144 tues
456 1081 581 1159 rideris
604 1101 763 1164 cognosse
785 1089 818 1144 te
840 1079 948 1163 exiis,
970 1080 1092 1166 quain
1114 1089 1147 1144 te
1168 1081 1225 1143 abs

139 1190 205 1245 tem
228 1181 293 1244 fide
315 1219 356 1228 —
385 1182 541 1251 fuissem„
554 1205 585 1267 p.
610 1180 743 1262 Quinct.
771 1185 802 1263 ξ.
831 1181 871 1244 57
901 1181 1073 1246 discedens
1104 1181 1137 1245 in
1165 1201 1225 1243 mer

138 1284 222 1345 riam
245 1282 344 1347 rediit
366 1283 550 1366 Quinctius,
574 1305 637 1370 que
660 1282 713 1346 dic
735 1283 839 1346 Roma
860 1281 896 1346 in
911 1281 1051 1346 Galliam
1070 1281 1225 1365 profectas

140 1385 275 1464 (vorauf
293 1384 371 1468 geht
393 1385 452 1448 der
474 1385 673 1470 Oonjunctiv
696 1385 837 1469 diceres).
874 1383 969 1447 Rosc.
985 1384 1060 1448 Am.
1075 1388 1108 1466 ξ.
1129 1384 1172 1449 53
1195 1393 1225 1448 et

141 1495 210 1549 crat
239 1487 320 1550 certi
349 1487 547 1550 accusatoris
575 1485 735 1568 officium,
764 1485 820 1572 qui
849 1485 932 1549 tanti
962 1484 1096 1550 sceleris
1120 1506 1225 1570 argue:

141 1587 305 1674 explicare
338 1590 446 1652 omnia
479 1589 561 1652 vitia
588 1598 686 1673 atque
713 1595 847 1674 peccata
875 1585 950 1669 filii,
983 1587 1101 1672 quibus
1129 1587 1225 1650 incen

138 1711 257 1774 parcns
274 1690 413 1772 potarat
433 1691 575 1754 animum
598 1688 754 1752 inducere
776 1698 811 1752 ut
834 1699 983 1754 naturam
1001 1689 1157 1753 vinceret.
1201 1686 1225 1750 E

139 1788 200 1853 soll
227 1789 314 1856 wohl
342 1790 402 1855 das
424 1790 735 1856 Missverstitndniss
764 1792 851 1854 eines
881 1788 1019 1854 irreulen
1042 1786 1225 1854 Verhttltnir

139 1893 323 1979 (potuisset,
347 1892 375 1956 si
397 1890 567 1974 voluisset)
593 1891 744 1957 verh'utet
766 1891 907 1956 werden.
942 1890 1035 1956 Eben
1058 1913 1095 1956 sc
1118 1888 1225 1953 viellei

138 1992 233 2058 Verr.
257 1993 302 2075 II,
329 1996 343 2057 l
368 1984 463 2074 §.75
491 1995 546 2081 qui
576 1995 608 2057 in
642 1993 698 2057 illa
731 2014 767 2057 re
795 1993 873 2080 quid
901 1994 1009 2058 faeere
1031 1991 1186 2075 potuerit,
1222 2014 1225 2054 ;

140 2095 294 2178 habebat,
317 2096 381 2158 nisi
404 2095 489 2159 forte
511 2135 551 2142 -
567 2105 604 2159 ut
626 2105 739 2178 ageret
760 2104 817 2160 ctt.
855 2094 961 2159 Keinc
978 2093 1225 2180 Repraesentati

140 2197 281 2261 sondern
304 2195 362 2259 das
386 2195 570 2281 legischc
595 2195 724 2260 Perfcct
746 2196 789 2260 ist
812 2218 852 2260 zu
876 2195 1042 2260 erkcnnen
1065 2196 1099 2258 in
1122 2194 1207 2258 Phil.

138 2298 170 2379 6,
196 2299 233 2362 17
257 2297 337 2361 haec
359 2299 551 2384 interposui,
576 2320 639 2362 nen
662 2307 728 2361 tarn
751 2306 787 2362 ut
810 2318 869 2383 pre
892 2317 943 2360 me
964 2297 1100 2361 dixerim
1123 2333 1164 2344 -
1184 2317 1225 2382 qu

138 2411 175 2461 ut
201 2397 359 2486 quosdam
390 2420 553 2464 monerem
583 2398 708 2481 („nicht
736 2396 859 2463 scwohl
887 2420 941 2461 um
964 2397 1017 2461 fiir
1039 2398 1126 2463 mich
1148 2418 1225 2483 gere

139 2521 181 2560 zu
203 2498 357 2582 habcn“).
402 2500 621 2584 Desgleichen
643 2501 684 2564 ad
709 2501 778 2565 Λιι.
805 2502 833 2582 1,
856 2501 888 2583 ὁ,
910 2501 932 2563 4
959 2498 1017 2564 sed
1039 2499 1215 2564 acciditur

139 2621 209 2683 ege,
234 2601 291 2686 qui
313 2601 394 2664 inte
410 2603 490 2666 satis
506 2600 634 2665 consilii
649 2603 812 2666 statuerim
827 2623 907 2686 esse,
931 2600 1060 2665 mallem
1076 2600 1225 2666 Peducaei

138 2701 200 2766 tibi
228 2702 399 2766 consilium
428 2725 486 2790 pcr
513 2702 638 2768 litteras
671 2725 766 2791 quam
795 2724 847 2767 me
871 2703 958 2768 dare.
1003 2702 1147 2768 Hierher
1167 2700 1225 2788 geht

138 2802 217 2866 aber
248 2803 331 2868 auch
365 2803 418 2867 dic
450 2805 799 2891 periphrastische
829 2806 924 2869 Porm
959 2804 1019 2868 mit
1048 2805 1165 2886 fuerim
1195 2821 1225 2865 na

138 2905 360 2988 regierendcm
375 2906 607 2971 Praeteritum:
632 2906 708 2970 fam.
735 2909 783 2987 13,
809 2907 858 2989 18,
884 2908 899 2969 1
917 2905 1004 2993 quod
1020 2916 1132 2971 tamen
1146 2902 1225 2970 dubiu

137 3004 231 3070 nobis
254 3007 334 3093 quin
356 3009 403 3072 ita
426 3010 573 3072 futurum
594 3008 699 3088 faerit,
722 3017 888 3073 nouerat.
933 3008 1005 3072 Αιι.
1029 3008 1061 3089 2,
1088 3008 1137 3089 16,
1159 3007 1225 3091 2qu

137 3106 281 3172 futurum
305 3108 413 3191 fuerit,
437 3111 464 3173 si
487 3118 544 3174 ctt.
590 3109 748 3194 Httufiger
770 3110 822 3174 bei
844 3109 976 3191 Livius3
1000 3132 1026 3172 s.
1049 3119 1160 3174 untcn.

223 3209 373 3274 Caesar
401 3212 530 3276 wendct
559 3220 669 3275 zuerst
696 3211 786 3276 diese
814 3214 876 3275 Art
905 3212 963 3274 der
989 3206 1225 3297 Repraesentati

137 3311 171 3373 in
200 3311 455 3396 ausgedehntern
478 3313 610 3376 Maassc
637 3335 687 3376 an.
733 3313 917 3379 Besonders
940 3311 1102 3378 lehrreich
1127 3314 1170 3376 ist
1188 3311 1214 3376 b.

140 3415 168 3493 1,
191 3412 243 3475 31.
288 3412 351 3476 Die
379 3413 538 3478 indirecte
560 3413 653 3478 Rcde
680 3416 714 3478 in
742 3416 863 3479 diesem
889 3412 1017 3500 Capitel
1047 3414 1225 3501 enthelen

138 3513 425 3597 vcruufgehenden
448 3514 666 3579 einieitenden
682 3515 870 3580 Praeteritis
893 3526 1002 3580 zuerst
1019 3518 1054 3580 11
1081 3509 1225 3602 regehech

139 3615 349 3699 Oonjunctivi
372 3616 430 3679 des
446 3616 640 3703 Imperfects
662 3617 729 3681 und
745 3616 1075 3705 Plusquamperfects,
1098 3617 1180 3682 dann
1192 3609 1226 3677 tot

137 3715 291 3802 ptctzlich
315 3717 373 3781 das
396 3719 527 3783 Perfert
543 3721 694 3800 potuerit,
725 3718 855 3784 hierauf
875 3719 998 3787 wieder
1022 3722 1058 3784 11
1084 3720 1225 3786 Nebente

137 3839 218 3904 pora
245 3818 289 3882 im
313 3820 512 3906 conjunctiv
541 3821 609 3884 und
638 3843 702 3884 von
730 3822 772 3885 da
799 3824 841 3886 ab
871 3822 975 3887 lauter
1002 3822 1186 3887 Praesentia
1202 3836 1225 3880 ut

136 3919 298 4003 Perfecta,
321 3920 477 3985 nttmlich:
503 3923 629 4004 vicerit,
652 3923 774 3987 facturn
791 3924 845 4005 sit,
868 3924 956 3988 sacta
978 3925 1032 4007 sit,
1055 3923 1109 4006 sit,
1130 3916 1225 3987 feceri!

137 4023 307 4106 emigrent,
330 4033 454 4109 petant,
477 4024 616 4106 accidat,
640 4025 859 4112 experiantur,
884 4025 958 4108 sint,
981 4036 1107 4109 sumat,
1128 4021 1225 4088 traduc

137 4133 197 4187 tur.
236 4123 442 4208 Umgekehrt
465 4126 602 4210 beginnt
625 4125 684 4190 der
705 4127 879 4191 Verfasser
900 4128 934 4190 in
957 4149 1009 4213 cp.
1031 4126 1225 4191 ardescat

136 4224 265 4289 Buches
281 4229 339 4288 mit
356 4229 392 4289 11
411 4229 677 4313 praesentisehen
688 4228 919 4315 Temporibus:
943 4231 1141 4310 consuerint,
1161 4219 1225 4289 reli1

107 4353 110 4360 ·
135 4328 363 4412 pependerint,
393 4331 592 4412 remittatur,
627 4331 876 4413 subtrahantur,
905 4332 1095 4418 appetierit,
1118 4326 1225 4395 uetur

136 4430 272 4510 venerit,
285 4429 441 4514 intulerit,
465 4431 664 4515 defenderit,
689 4454 723 4495 es
739 4431 850 4516 folgen
865 4433 885 4496 8
901 4433 1172 4519 Nebentempora,
1183 4423 1225 4489 dt!

136 4530 273 4597 wieder:
305 4532 437 4616 habeat,
467 4532 620 4618 decedat,
649 4534 806 4615 deducat,
831 4537 1047 4621 interfecerit,
1075 4521 1225 4600 endricth
