2850 5002
606 314 837 379 -148-
969 268 973 276 ’

150 465 212 527 Ad.
243 465 275 547 4,
303 465 334 545 4,
362 466 414 529 26.
466 465 529 529 Mit
557 468 643 546 quis:
680 465 786 529 Plaut.
822 465 941 528 Pseud.
971 465 1057 548 5,1‚
1085 465 1125 528 37
1166 465 1265 529 Simo·

149 566 265 629 adesse
294 588 345 629 me
372 568 444 652 quis
473 568 632 632 nuntiate.
679 566 780 631 Poen.
809 567 840 645 3,
868 567 899 648 3,
928 566 949 630 5
977 565 1057 651 quid
1086 564 1139 629 hic
1167 570 1265 630 tactae

148 666 315 730 hominum
343 662 520 731 incedunt?
564 665 665 731 Stich.
694 668 725 747 2,
753 666 785 748 2,
813 666 855 730 46
882 667 967 731 alius
994 667 1097 731 alitam
1123 676 1243 751 percont

149 788 231 830 mur.
276 767 434 852 Weniger
449 766 638 848 auffallend,
659 789 753 831 wenn
769 767 827 831 der
842 765 1125 850 Collectivbegriff
1135 768 1168 830 in
1184 767 1265 831 eine:

150 868 439 952 voraufgehenden
467 868 563 933 Satze
592 868 760 934 enthalten
786 869 843 949 ist,
883 869 944 932 wie
973 867 1080 931 Plaut.
1109 867 1224 932 Pseud.
1250 874 1265 929 ἶ

148 967 178 1047 2,
200 968 222 1030 2
238 990 380 1054 ‚quorum
404 991 580 1055 numquam
597 968 776 1055 quidquam
792 971 967 1054 quoiquam
988 968 1080 1032 venit
1101 969 1135 1032 in
1150 976 1265 1033 menter

148 1075 184 1131 ut
212 1077 299 1132 recte
327 1070 467 1152 faciant,
497 1069 566 1134 und
596 1092 629 1132 so
658 1071 743 1133 oster
770 1069 824 1134 bei
851 1071 1034 1156 quisquam.
1079 1069 1265 1134 Ausftihrlic

147 1168 281 1232 handelt
317 1170 399 1235 iiber
432 1170 485 1234 die
517 1171 726 1236 Constructio
763 1171 806 1234 ad
842 1191 974 1234 sensum
1011 1169 1159 1234 Holtze
1180 1170 1223 1234 II.
1251 1172 1265 1233 1

149 1268 210 1333 198
233 1271 380 1437 (diodero
407 1372 537 1437 wendet
568 1372 659 1436 diese
680 1371 898 1456 Verbindung
920 1372 996 1436 sehr
1026 1371 1129 1436 selten
1157 1394 1199 1436 an
1219 1394 1265 1435 un·

30 1534 32 1539 .
147 1492 210 1534 nur
232 1472 337 1554 daun,
366 1496 462 1538 wenn
485 1473 622 1560 Subject
646 1472 712 1536 und
734 1472 906 1537 Praedicat
934 1474 1011 1537 weit
1041 1481 1194 1558 getrennt
1215 1472 1265 1536 sin

148 1570 227 1635 oder
254 1574 288 1636 in
316 1574 569 1638 verschiedenen
599 1573 720 1639 Satzen
749 1573 873 1637 stehen.
926 1573 968 1639 So
1000 1572 1139 1657 beginnt
1166 1576 1198 1637 in
1230 1575 1265 1636 de

146 1671 239 1736 Rode
265 1696 324 1759 pro
354 1675 473 1740 Flacco
501 1679 522 1755 ἕ
547 1675 608 1738 104
631 1675 703 1738 eine
726 1674 865 1738 Periode
886 1675 947 1738 mit
968 1679 1079 1769 quotus
1100 1676 1184 1738 caim
1205 1677 1265 1755 quir

146 1795 204 1854 que
232 1780 276 1839 est
301 1779 370 1856 qui,
399 1799 433 1841 es
456 1775 567 1860 fulgen
597 1775 668 1839 drei
696 1774 935 1856 Relativsiitze,
964 1775 1067 1839 dann:
1097 1797 1172 1839 curn
1200 1773 1265 1838 illar

39 1890 41 1895 ’
146 1874 234 1938 viam
256 1876 320 1940 sibi
340 1877 470 1942 videant
491 1876 729 1962 expeditiorem
743 1876 786 1941 ad
801 1875 940 1941 honores
964 1887 997 1942 et
1018 1877 1185 1940 adomnia
1207 1897 1265 1962 qua

146 1977 410 2058 concreverunt?
441 1978 494 2042 off.
524 1977 632 2061 2,12,
662 1978 703 2039 41
733 1999 806 2040 cum
833 1986 1037 2065 premeretur
1064 1978 1158 2042 initio
1184 1978 1265 2042 mult·

145 2078 218 2141 tudo
241 2076 283 2141 ab
305 2078 345 2142 iis
374 2081 431 2164 qui
458 2079 598 2142 maiores
629 2099 706 2162 opes
736 2076 918 2163 habebant,
947 2079 990 2142 ad
1017 2101 1118 2142 unum
1148 2077 1265 2163 aliquer

145 2178 388 2264 confugiebant.
412 2178 468 2243 fin.
489 2179 557 2260 2,1
580 2200 656 2244 cum
676 2183 805 2260 uterque
827 2201 879 2243 me
893 2181 1076 2244 intueretur
1096 2200 1231 2265 seseque
1244 2200 1265 2241 a

144 2278 343 2343 audiendum
366 2278 593 2364 significarent
614 2288 758 2366 paratos.
784 2282 811 2359 1,
835 2281 867 2362 5,
893 2282 932 2345 16
954 2303 1094 2366 quorum
1115 2288 1265 2363 utrumqt

62 2375 66 2383 '
135 2379 275 2460 audivi,
304 2401 376 2443 cum
403 2380 482 2444 mihi
499 2380 591 2445 -nihil
620 2403 699 2445 sane
720 2420 762 2428 —
784 2381 974 2465 probarent.
1017 2381 1117 2446 Nicht
1147 2403 1189 2444 zu
1215 2401 1253 2444 ve

143 2479 274 2543 meiden
296 2503 365 2545 war
388 2481 445 2545 der
467 2480 579 2545 Plural
601 2481 655 2546 bei
678 2483 753 2547 dem
774 2484 954 2564 reciprodea
965 2481 1205 2564 Verhaltnisse,
1226 2505 1253 2545 w

145 2579 186 2643 de
222 2579 279 2644 fin.
313 2582 344 2662 3,
373 2581 404 2663 2,
434 2581 453 2645 8
486 2591 523 2646 ut
558 2583 639 2648 ulter
675 2585 810 2649 alteram
847 2584 1042 2648 videremus.
1066 2621 1104 2632 —
1129 2583 1201 2648 Auf
1230 2581 1265 2646 d·

148 2673 271 2766 'Ellipse
293 2682 383 2746 eines
405 2681 599 2747 indefiniten
621 2684 821 2749 Pronomens
850 2684 895 2748 im
918 2683 1027 2749 Plural
1049 2684 1197 2749 beruhen
1219 2682 1251 2747 di

138 2782 275 2867 jenigen
305 2781 446 2864 Stellen,
480 2806 529 2848 wo
557 2786 681 2865 partim
718 2785 766 2850 als
804 2785 1014 2850 scheinbares
1051 2784 1189 2873 Subject
1224 2784 1265 2848 de

140 2882 252 2959 Plural
273 2884 319 2948 im
340 2884 513 2950 Predicate
534 2885 608 2949 hat:
633 2887 674 2950 de
696 2909 743 2951 or.
766 2887 797 2970 2,
819 2887 872 2969 22,
889 2887 931 2952 94
953 2887 1012 2951 sed
1035 2909 1145 2953 eorum
1168 2885 1251 2973 parti

141 2983 175 3049 in
197 3007 333 3072 pompa,
362 2987 482 3073 partim
512 2988 547 3050 in
573 2988 643 3052 acie
671 2986 817 3053 illustres
851 3009 924 3053 esse
951 2987 1125 3053 voluerunt
1154 2990 1210 3073 (zu
1236 3008 1265 3051 e·

140 3096 267 3169 ganzen
294 3086 339 3151 ist
366 3089 468 3169 aliqui
502 3088 580 3154 oder
613 3090 696 3152 zwei
722 3087 790 3153 Mal
821 3098 902 3155 statt
922 3092 1047 3173 partim
1079 3113 1122 3153 zu
1155 3087 1265 3154 denke

140 3187 225 3271 alii).
249 3189 269 3268 ὅ
292 3188 355 3252 308
378 3190 436 3253 sed
459 3211 572 3255 eorum
599 3189 720 3276 partim
749 3191 797 3252 ita
827 3189 914 3254 levia
942 3200 1017 3254 sunt
1039 3190 1222 3275 -partim
1245 3225 1265 3236 -

140 3296 224 3351 sunt.
248 3289 280 3369 3,
303 3287 433 3371 27,106
455 3312 591 3376 quorum
622 3291 743 3376 partim
765 3288 890 3355 habent
913 3291 1122 3355 vitiorum‘et
1136 3298 1265 3377 peccat·

138 3410 210 3476 rum
239 3408 348 3452 acrem
377 3391 540 3474 quandam
563 3430 601 3441 -
625 3392 874 3457 incusationem.
906 3400 988 3455 orat.
1018 3391 1129 3476 partit.
1157 3391 1250 3473 24,8

138 3489 174 3551 in
195 3488 435 3575 Vatin.l,16.
465 3514 557 3577 prov.
581 3514 669 3557 cons.
696 3493 746 3577 10,
768 3492 821 3558 24.
867 3491 952 3555 Phil.
977 3491 1006 3572 8,
1032 3492 1084 3573 11,
1106 3491 1159 3556 32.
1182 3488 1265 3554 -Ι

138 3589 192 3653 die
213 3589 320 3654 Lehre
342 3612 409 3656 von
431 3591 495 3656 den
517 3593 819 3673 Attributivsdtzen
843 3593 987 3678 gehdren
1016 3591 1193 3677 eigentlich
1216 3591 1247 3654 di

134 3691 271 3778 jenigen
292 3691 399 3766 ualle,
423 3716 473 3758 wo
497 3694 554 3758 das
576 3694 708 3762 Relativ
739 3696 798 3758 mit
827 3693 902 3758 dem
923 3692 1079 3758 predicat
1107 3695 1152 3759 im
1174 3691 1265 3757 Plur-

138 3791 208 3855 sich
239 3793 299 3856 auf
326 3794 421 3858 einen
452 3795 497 3857 im
526 3794 734 3882 Hauptsatze
766 3795 975 3861 enthaltenen
1004 3792 1265 3879 Collectivbegri

136 3892 248 3975 (pertus
284 3895 362 3957 oder
398 3899 562 3979 cromeras)
601 3896 745 3961 bezieht:
784 3896 826 3960 de
865 3896 920 3958 fin.
954 3897 986 3976 3,
1016 3895 1069 3981 21,
1101 3897 1144 3961 70
1178 3918 1219 3960 ex
1243 3914 1265 3953 ι

138 3992 192 4077 (=
221 3996 345 4080 eorum)
374 4017 510 4081 genere,
539 4019 621 4082 quae
649 4006 796 4084 prosunt.
828 4020 860 4082 p.
889 3994 990 4061 Arch.
1022 3996 1074 4081 12,
1104 3999 1142 4062 3]
1177 4019 1218 4061 ex
1243 4013 1265 4057 ε

136 4115 287 4178 numero,
315 4098 372 4182 qui
401 4117 528 4183 semper
558 4098 645 4183 apud
674 4119 785 4166 omnes
815 4098 920 4161 sancti
948 4105 1024 4160 sunt
1053 4096 1159 4162 habiti
1187 4106 1265 4182 atqu

136 4187 227 4260 dicti.
250 4195 313 4282 leg.
337 4219 406 4281 agr.
428 4197 459 4281 2,
486 4198 534 4279 14,
556 4200 597 4263 37
622 4221 664 4263 ex
687 4221 724 4262 eo
747 4220 899 4282 numero,
914 4199 986 4284 ,qui
1015 4218 1076 4282 per
1104 4219 1159 4263 eos
1182 4216 1265 4261 anne

135 4297 283 4361 consules
306 4298 448 4365 fuerunt.
472 4299 563 4363 acad.
587 4323 635 4384 pr.
660 4299 702 4363 32
723 4299 766 4363 ab
789 4300 988 4381 Academia,
1017 4319 1038 4361 a
1063 4299 1182 4385 quibus
1203 4317 1265 4363 nul

86 4414 93 4427 ‘
135 4418 232 4484 quam
260 4399 383 4463 dietum
405 4402 458 4467 sit.
484 4436 518 4447 -
549 4399 748 4464 Plotzlicher
775 4401 976 4487 Uebergang
1004 4422 1083 4465 zum
1112 4398 1265 4485 Singula:
