2850 5002
578 364 614 373 „.
650 327 725 401 :raso

98 418 113 536 i·-
176 480 217 547 iooi
231 481 351 545 naxium
372 478 520 563 valeant,
550 477 674 543 dictum
697 479 801 543 estin
825 478 882 559 iis,
912 463 945 540 in
974 479 1092 563 quibus
1115 477 1156 540 de
1179 476 1266 541 omni

173 582 262 647 ntiouo
278 580 403 647 dicendi
425 579 655 665 (dictumest).
690 579 772 645 Hor.
788 602 889 645 carm.
911 580 942 659 2,
969 581 1006 644 13
1021 577 1075 643 ille
1090 587 1123 643 et
1138 578 1267 643 nefasto

172 692 193 747 to
207 684 292 769 posuit
311 683 373 765 die,
396 682 591 769 quicumque
613 683 764 769 primum.
795 682 862 747 Cic.
879 681 922 747 ad
938 678 1003 761 Qu.
1019 680 1059 745 fr.
1075 681 1105 760 2,
1132 680 1170 745 14
1186 678 1266 744 duas

170 782 246 849 douo
261 808 278 849 a
295 794 327 849 te
348 784 461 872 accepi
482 781 653 871 epistulas,
676 802 810 870 quarum
832 784 967 848 alteram
982 785 1016 848 in
1032 782 1103 869 ipso
1119 780 1267 846 discessu

167 894 256 968 nostro,
273 885 408 953 alteram
422 886 573 953 Arimino
588 885 710 951 datam.
743 886 841 954 Tusc.
859 886 888 968 1,
910 887 947 949 17
964 885 1132 950 Platonem
1147 883 1266 965 ferunt,

165 996 188 1051 ut
201 986 408 1075 Pythagoreos
429 998 658 1074 cognosceret,
686 989 721 1053 in
744 986 874 1054 Italiam
897 986 1027 1053 venisse
1049 1024 1089 1033 -
1112 985 1266 1072 primum·

161 1108 204 1171 que
221 1090 257 1156 do
273 1090 452 1155 animorum
473 1090 668 1157 aeternitate
688 1112 753 1155 non
775 1090 880 1156 solum
903 1089 1044 1154 sensisse
1072 1087 1158 1152 idem
1181 1085 1267 1172 quod

98 1170 102 1267 ‚i
157 1187 345 1280 Pythagoram
367 1194 426 1275 (se.
440 1192 582 1257 sensisse
596 1191 733 1278 ferunt),
749 1193 807 1257 scd
822 1192 981 1257 rationem
997 1192 1094 1256 etiam
1110 1187 1267 1253 attulisse.

98 1296 100 1303 '
217 1316 248 1375 p.
270 1296 303 1361 in
323 1294 671 1380 Redingungssetzen:
710 1294 779 1360 Cic.
807 1317 840 1381 p.
868 1291 972 1359 Balbo
998 1292 1019 1357 5
1047 1300 1156 1356 utrum
1182 1291 1268 1355 enim

149 1390 332 1463 inscientem.
348 1394 450 1462 vultis
480 1404 594 1462 eontra
620 1396 755 1461 foedera
789 1396 907 1461 fecisse
940 1417 982 1459 an
1017 1392 1198 1459 scientem?
1231 1392 1269 1459 ss·

144 1496 284 1565 mium:
295 1520 324 1565 -o
347 1520 466 1564 nomon
480 1498 584 1563 nostri
598 1498 727 1584 imperii
744 1507 800 1563 ctt.
817 1497 883 1562 div.
903 1499 931 1579 1,
953 1497 996 1561 50
1015 1517 1054 1561 ea
1069 1496 1133 1561 duo
1148 1518 1269 1580 genera

143 1596 372 1665 uDieaeareho
394 1598 576 1686 probantur
599 1610 646 1683 et,
670 1609 706 1664 ut
728 1598 816 1680 dixi,
845 1620 865 1662 a
887 1598 1043 1685 Cratippo
1065 1606 1187 1663 nostro.
1231 1597 1269 1664 ss·

136 1706 288 1781 propterca
309 1704 394 1785 quood
414 1724 453 1771 ea
474 1701 724 1788 proficiscuntur
745 1723 765 1765 a
786 1711 912 1784 natura,
941 1700 1009 1765 sint
1030 1722 1156 1765 summa
1178 1722 1267 1783 sanc,

139 1800 230 1883 ¹¹¹⁰dQ
248 1826 286 1870 ne
307 1803 394 1887 sola3
417 1805 468 1873 sin
490 1813 599 1869 autem
621 1813 679 1870 ctt.
702 1827 735 1868 n.
758 1804 790 1868 d.
816 1807 845 1884 1,
873 1804 915 1868 35
943 1802 1089 1867 abundat
1110 1840 1152 1851 -
1173 1804 1212 1881 si,
1234 1806 1269 1866 ιιι

98 1960 101 1997 ;
137 1898 317 1971 inmortalis
340 1906 394 1987 sit,
417 1905 497 1991 quid
512 1904 598 1971 ,haec
620 1906 662 1970 ad
685 1907 787 1971 vitam
808 1904 956 1970 membra
972 1902 1161 1990 pertinent?
1183 1901 1268 1967 Phil.

138 2000 159 2077 2,
173 2002 230 2069 45
248 2006 365 2072 iudicia
384 2028 452 2072 non
473 2007 608 2089 metuis;
631 2007 659 2071 si
681 2017 816 2093 propter
831 2007 1062 2089 innocentiam,
1084 2003 1194 2085 laudo,
1218 2005 1268 2068 sin

139 2116 263 2193 proptor
281 2110 361 2192 vim,
383 2130 450 2174 non
470 2098 628 2193 intelligis
652 2118 709 2174 ott.
742 2111 797 2185 11,
825 2110 846 2173 2
868 2130 1043 2196 oppressus
1066 2107 1267 2188 Trebonins3

142 2201 220 2273 siut
242 2210 280 2276 ab
301 2232 348 2292 eo,
372 2210 430 2296 qui
451 2219 563 2295 aperte
586 2210 689 2275 hostis
717 2221 818 2295 esset,
846 2214 1010 2287 incautus,
1041 2210 1068 2274 si
1097 2217 1132 2273 ut
1153 2209 1195 2274 ab
1218 2230 1267 2289 eo,

98 2286 103 2403 i
144 2303 182 2387 tui
209 2313 288 2379 civis
310 2313 408 2379 etiam
430 2321 500 2379 tum
521 2312 662 2399 speeiem
678 2311 822 2395 haberet,
846 2315 954 2377 miser.
977 2312 1008 2396 5,
1032 2312 1051 2376 9
1073 2312 1197 2397 legatos
1213 2309 1267 2374 dc-

145 2412 259 2479 ornis?
288 2416 331 2495 si,
360 2423 398 2479 ut
426 2414 615 2502 deprecere,
645 2425 844 2498 contemnet3
880 2415 923 2497 si,
952 2423 988 2479 ut
1015 2414 1170 2499 imperes,
1203 2434 1268 2477 non

145 2504 252 2581 audiet.
278 2516 335 2581 fin.
368 2516 405 2598 2,
436 2516 475 2581 12
497 2516 661 2602 Epicurus
689 2525 799 2581 autem
827 2539 900 2581 cum
927 2518 960 2582 in
983 2518 1087 2601 prima
1108 2537 1268 2580 commen·

144 2600 261 2714 Atticae
281 2608 484 2704 voluptatem
506 2618 657 2699 dixisset,
679 2620 709 2683 ει
730 2641 800 2683 cans
823 2618 935 2703 (dixit)
952 2641 1048 2705 quarn
1068 2616 1268 2703 Aristippus,

141 2700 220 2779 “iem
246 2728 358 2784 tenere
389 2718 504 2785 debuit
531 2719 681 2809 ultimum
710 2721 869 2785 bonorum
898 2719 985 2805 quod
1012 2718 1082 2797 ille,
1114 2721 1167 2784 sia
1199 2739 1268 2783 cem

138 2822 231 2888 quam
254 2819 475 2908 Hieronymus
503 2831 560 2886 ott.
609 2821 736 2908 Eilipse
767 2822 811 2885 im
845 2821 1016 2907 zweitcn
1043 2820 1269 2904 Bodingungs-

137 2920 238 3017 fttze:
267 2946 299 3009 p.
322 2921 413 2989 Sulla
442 2922 481 2987 18
512 2921 571 2987 sed
598 2922 676 3009 quid
704 2932 754 2990 est
780 2923 914 2990 tandem
947 2923 1033 3008 quod
1062 2920 1186 2986 indicat
1212 2942 1269 3007 per

136 3021 228 3087 ¹⁸turn
248 3046 383 3113 puerum
406 3023 601 3089 Cornelius?
630 3024 665 3089 Si
693 3034 805 3090 vetera
833 3025 911 3090 mihi
934 3026 1060 3108 ignota,
1090 3045 1163 3086 cum
1185 3021 1270 3086 Hor-

137 3114 238 3191 ossio
257 3128 503 3207 communicata,
525 3126 695 3214 respondit
718 3125 929 3209 Hortensius3
951 3128 1012 3206 siu,
1035 3135 1072 3190 ut
1094 3124 1155 3208 ais,
1178 3123 1269 3188 illum

139 3230 281 3293 conatum
301 3227 458 3295 Autronii
479 3236 536 3293 ett.
559 3228 619 3313 (sc.
641 3229 789 3316 indicat).

221 3330 249 3393 d.
266 3331 300 3395 in
322 3328 475 3395 causalen
497 3329 563 3394 und
585 3331 736 3396 modalcn
759 3331 1003 3397 Nebens‘ataen:
1027 3330 1100 3395 Val.
1124 3330 1214 3394 Max.
1237 3330 1269 3410 3,

148 3418 173 3501 4,
189 3427 211 3489 ‘2
225 3430 429 3519 Tarquinium
452 3430 495 3495 ad
509 3432 691 3497 Romanum
714 3434 884 3518 imperium
901 3431 1125 3518 occupandum
1141 3431 1271 3497 fortuma

154 3522 267 3599 iuvent
286 3534 445 3616 alienum,
474 3535 558 3616 qaod
580 3542 685 3598 ortum
709 3534 880 3613 Corintho,
909 3534 1162 3617 fastidiendum,
1189 3534 1272 3615 quood

119 3720 122 3725 Ι
158 3644 309 3701 uenatore
341 3634 520 3701 Demarato
554 3636 718 3720 genitum,
752 3636 1024 3718 erubescendum,
1059 3638 1142 3719 quod
1171 3635 1270 3700 etiarn

162 3729 250 3798 exsule
269 3738 328 3822 (sc.
351 3737 515 3823 genitum3
535 3735 630 3824 jedes
653 3736 722 3803 Mal
744 3738 788 3802 ist
808 3737 892 3811 nach
915 3740 999 3821 quod
1019 3737 1077 3802 das
1100 3737 1190 3802 Verb
1213 3739 1270 3802 od·

163 3830 277 3903 suetan
295 3841 484 3925 srgtnzen).
520 3837 658 3919 Quintil.
681 3841 712 3921 3,
734 3839 766 3921 5,
792 3840 831 3903 12
846 3839 905 3904 sed
927 3862 991 3904 non
1014 3839 1162 3906 omnibus
1186 3840 1269 3903 eius-

163 3927 225 3995 ¹ss⁰di
244 3939 489 4025 quaestionibus
512 3940 559 4004 sie
582 3940 705 4005 occurri
734 3951 856 4028 potest,
885 3947 921 4006 ot
941 3941 1024 4006 illis:
1055 3943 1139 4006 sitne
1166 3942 1269 4005 virtus

161 4020 231 4095 finit?
267 4051 437 4128 regaturne
466 4041 675 4127 previdentia
702 4042 867 4107 mundus?
903 4037 952 4127 (ost
981 4043 1064 4125 „wie
1092 4064 1166 4107 zum
1196 4041 1269 4106 Boi·

98 4198 103 4239 ,
157 4122 235 4203 ⁸Pf⁰i“
263 4140 323 4210 illis
345 4146 394 4210 sie
415 4144 543 4210 occurri
564 4164 628 4209 ιιοιι
649 4146 784 4231 potest).

149 4234 411 4363 Ἥρω
432 4246 492 4311 mit
505 4245 709 4329 Ergttnzung
730 4245 965 4330 ungleicher
981 4246 1166 4331 Formcn*).
1199 4245 1269 4309 Das

192 4366 209 4433 Ἴ
234 4372 339 4436 Dieser
356 4380 455 4436 aweite
475 4380 557 4436 Theil
574 4380 610 4434 ist
633 4380 678 4434 ein
697 4380 810 4450 Auszug
832 4398 880 4434 aus
900 4381 963 4434 dem
981 4379 1184 4449 Menuscriptc‚
1210 4381 1269 4434 dos-

136 4442 364 4537 ⁸⁹¹¹B⁹¹1¹1tznng
380 4467 436 4521 mir
453 4464 541 4521 durch
560 4465 605 4522 die
624 4463 697 4520 csso
717 4466 765 4521 des
784 4465 851 4524 Hrn.
872 4465 1029 4521 Vert‘assers
1051 4466 1187 4535 gostattet
1204 4484 1270 4523 worn
