2850 5002
615 370 843 435 -237-

181 516 244 585 lam.
264 522 304 605 14,
328 524 357 608 7,
383 525 398 587 1
432 523 511 610 quid
534 545 651 588 causae
680 533 789 588 autem
815 525 931 609 luerit,
960 524 1118 612 postridie
1144 525 1293 591 intellexi

94 656 98 703 ,
178 643 302 707 quana
332 625 431 691 vobis
467 627 614 692 discessi.
658 627 729 691 Att.
760 627 810 709 12,
833 624 884 709 23,
911 627 931 690 2
959 629 1076 713 quibus
1105 628 1292 693 consulibus

94 710 97 729 ¹
176 722 335 791 camales
358 736 392 792 et
415 749 453 791 ea
475 727 598 814 legatio
613 727 752 794 Romam
774 730 911 810 venerit,
936 730 1091 816 scriptum
1117 739 1165 794 est
1187 732 1221 794 in
1236 740 1292 795 tuo

172 826 271 897 annali.
291 826 322 910 5,
341 828 426 912 10,4
447 851 507 893 nec
526 816 659 895 hercule
681 853 834 916 umquam
857 839 923 894 tam
949 831 1006 895 diu
1029 832 1162 915 ignarus
1185 853 1292 895 rerum

169 944 293 993 mearum
319 928 383 995 fui:
412 931 491 1018 quid
520 931 560 996 de
584 930 750 1012 Caesaris,
773 932 854 1018 quid
883 932 923 997 dc
946 932 1079 998 Milonis
1107 933 1291 998 nominibus

167 1035 261 1093 actum
286 1033 338 1096 sit.
373 1031 458 1101 Phil.
488 1033 538 1115 10,
560 1032 592 1114 4,
616 1033 636 1097 9
658 1035 714 1098 sed
744 1056 806 1120 quo
835 1033 971 1099 consilio
999 1034 1166 1116 redierim,
1195 1035 1288 1099 initio

164 1129 303 1215 audistis,
331 1142 407 1219 post
435 1134 513 1201 estis
545 1137 682 1220 experti.
711 1172 753 1182 -
780 1135 879 1198 Dann
906 1135 989 1199 auch
1018 1135 1224 1202 Praesentia:
1258 1137 1291 1200 in

161 1222 262 1297 Vatin.
283 1234 314 1315 4,
337 1234 379 1299 10
401 1235 442 1299 de
462 1243 495 1298 te
522 1245 631 1301 autem
652 1235 798 1300 homines
822 1237 900 1322 quid
923 1238 1081 1316 sentiant,
1113 1240 1148 1302 in
1169 1237 1291 1302 honore

158 1337 278 1417 experti
299 1356 423 1400 sumus.
446 1334 502 1399 fin.
525 1338 555 1418 5,
577 1337 599 1401 4
620 1346 762 1423 quantus
786 1347 919 1402 ornatus
944 1340 978 1402 in
1000 1339 1291 1425 Peripateticorum

155 1424 322 1523 disciplina
344 1438 398 1519 sit,
422 1437 502 1502 satis
525 1447 576 1503 est
597 1460 617 1501 a
638 1461 689 1502 me
712 1478 754 1487 -
775 1421 871 1525 paulo
899 1448 974 1504 ante
997 1439 1132 1505 dictum.
1161 1437 1203 1505 ad
1227 1440 1290 1520 Qu.

94 1540 96 1545 '
151 1524 192 1592 fr·
222 1534 248 1619 2,
267 1537 296 1621 2,
321 1538 336 1601 1
361 1559 415 1601 me
437 1538 522 1603 enim
543 1561 638 1603 nemo
660 1539 767 1605 adhuc
789 1541 932 1624 rogavit,
955 1564 1033 1605 num
1056 1528 1190 1627 quidm
1213 1541 1289 1605 Sar·

148 1628 275 1702 liniam
295 1637 396 1705 velim
418 1639 550 1723 (Orelliz
580 1639 723 1727 vellem).

238 1743 265 1822 ξ.
288 1741 359 1805 132.
382 1740 434 1804 Im
450 1741 632 1807 Ansehluss
654 1765 696 1806 an
707 1741 767 1806 das
783 1743 903 1828 Vorige
926 1743 1000 1807 sind
1022 1767 1089 1807 nun
1111 1743 1195 1808 noch
1219 1744 1291 1807 eine
1351 1798 1358 1812 .

142 1829 269 1925 lIenge
292 1861 357 1904 von
372 1840 506 1926 Stellen,
525 1842 724 1909 namentlich
741 1865 800 1907 aus
819 1843 877 1907 der
899 1843 1064 1909 silbernen
1086 1845 1154 1908 und
1175 1854 1291 1930 spaten

141 1928 324 2023 Latinitas,
348 1944 563 2029 anzufiihren,
584 1946 618 2008 in
640 1943 746 2010 denen
761 1945 1079 2031 derOonjunctiv
1102 1944 1173 2010 des
1196 1945 1290 2010 Per-

139 2030 183 2099 fe
194 2050 255 2106 ets
268 2065 357 2107 zwar
368 2044 452 2108 auch
469 2045 544 2129 (wie
556 2045 665 2110 dicim
681 2046 856 2132 folgenden
868 2046 1099 2132 Paragraphen
1114 2045 1289 2111 behandel-

138 2142 212 2203 len
228 2141 616 2233 Consecutivsataelcine
633 2147 796 2212 entfernte
814 2146 1004 2231 Beziehung
1019 2148 1079 2210 auf
1092 2148 1150 2211 die.
1161 2147 1289 2232 Gegan-

138 2252 237 2308 rart
259 2245 327 2327 (das
343 2246 471 2312 Urtheil
493 2247 550 2313 des
566 2248 758 2332 Redenden)
781 2250 952 2331 andeutet,
978 2247 1056 2313 aber
1078 2248 1163 2313 beim
1182 2257 1291 2313 ersten

137 2336 296 2412 Analiek
328 2349 434 2413 ciuem
465 2349 751 2419 historischen
775 2351 918 2437 Tempus
958 2349 1032 2413 sehr
1066 2348 1196 2413 'ahnlich
1236 2352 1289 2415 ist.

137 2438 267 2513 Dieser
294 2448 471 2515 Gabraueh
500 2449 602 2515 findet
628 2451 697 2516 sich
726 2455 759 2516 in
781 2450 957 2537 folgenden
980 2450 1198 2516 Satzformen:

240 2551 264 2615 l.
306 2534 516 2617 indirecte
538 2552 677 2638 Frage.
722 2552 797 2618 Liv.
821 2554 851 2634 7,
874 2554 916 2617 33
938 2574 1048 2638 pugna
1071 2551 1192 2618 indicio
1215 2552 1289 2639 fuit,

138 2660 235 2735 quos
253 2654 415 2736 gesserint
436 2654 574 2720 animos.
597 2653 673 2719 Val.
695 2654 785 2718 Max.
809 2655 878 2735 3,4
900 2663 966 2718 ext.
990 2655 1011 2717 2
1034 2675 1131 2739 quam
1154 2662 1290 2718 matrem

139 2739 321 2838 Euripide·
345 2764 403 2819 aut
425 2776 520 2842 quem
543 2765 667 2841 patrem
689 2754 1116 2836 Demostheneshahuerit,
1145 2757 1290 2840 ipsorum

139 2862 276 2938 quoque
298 2854 426 2921 saeculo
448 2858 597 2940 ignotum
619 2855 692 2922 fuit.
715 2857 792 2920 Tac.
816 2856 892 2921 hist.
915 2858 946 2938 3,
963 2857 1005 2920 84
1026 2856 1142 2920 obvius
1166 2877 1184 2919 e
1207 2856 1288 2921 Ger-

139 2954 282 3020 manicis
310 2954 469 3023 militibus
496 2956 667 3022 Vitellium
694 2956 813 3022 infesto
835 2956 918 3040 ictu,
949 2980 1007 3042 per
1034 2957 1116 3019 iram
1145 2956 1198 3020 vel
1226 2980 1289 3042 quo

141 3057 306 3121 maturius
327 3054 471 3123 ludibrio
494 3061 669 3142 eximeret,
698 3082 740 3123 an
767 3060 933 3123 tribunum
961 3058 1151 3144 appetierit,
1184 3059 1218 3122 in
1241 3059 1288 3121 in-

142 3162 241 3220 eePto
260 3157 331 3226 fuit.
375 3157 470 3222 Nach
492 3164 646 3241 quantam
668 3160 721 3224 bei
745 3160 884 3245 Capitol.
909 3160 986 3223 Ver.
1009 3159 1030 3223 5
1053 3167 1136 3222 extr.

238 3256 265 3322 2.
308 3258 789 3325 Causalerllelativsatz.
835 3262 912 3324 Tae.
944 3259 977 3322 h.
1006 3260 1037 3341 2,
1062 3260 1102 3324 78
1131 3283 1191 3324 nec
1219 3270 1291 3325 crat

145 3343 291 3425 intactus
322 3359 382 3425 tali
415 3360 662 3447 superstitione,
695 3371 732 3426 ut
765 3363 820 3447 qui
853 3399 893 3411 -
923 3360 1094 3426 Seleucum
1126 3362 1288 3447 quendam

147 3458 410 3528 mathematicum
431 3471 590 3527 rectorem
612 3473 645 3527 et
666 3463 849 3547 praescium
871 3462 977 3548 palam
1000 3461 1160 3527 habuerit.
1198 3463 1287 3528 Suet.

94 3604 96 3611 ·
150 3544 252 3645 Vssflp.
266 3563 288 3627 4
300 3563 400 3628 rediit
415 3572 503 3628 certe
517 3563 619 3629 nihilo
635 3564 836 3651 opulentior,
860 3574 896 3627 ut
911 3565 967 3650 qui
982 3601 1015 3609 -
1031 3565 1140 3628 omnia
1155 3565 1289 3650 praedia

153 3644 247 3725 lma,
265 3663 417 3749 obligarit
439 3665 687 3750 necessarioque
708 3666 748 3729 ad
770 3667 979 3749 mangonicos
1001 3676 1156 3751 quaestus
1172 3705 1213 3713 —
1234 3666 1288 3729 de-

158 3762 321 3831 scanderit.
351 3765 464 3831 Justin
487 3766 535 3845 12,
562 3767 610 3830 16.
633 3766 758 3851 Eutrop
782 3767 812 3848 7,
839 3767 877 3829 19
899 3775 935 3830 ut
958 3767 1013 3851 qui
1035 3766 1230 3833 conflixerit.
1258 3769 1288 3847 8,

160 3844 203 3913 20
222 3874 251 3929 ut
270 3869 326 3954 qui
349 3867 490 3932 duxerit.
512 3904 554 3914 -
576 3866 671 3931 Eben
693 3889 729 3931 so
752 3869 867 3949 quippe
888 3869 944 3949 qai
966 3867 1019 3931 bei
1035 3866 1123 3930 Flor.
1146 3868 1178 3948 2,
1202 3869 1232 3950 8,
1255 3870 1285 3932 4.

163 3944 192 4031 2>
215 3959 256 4047 12,
279 3968 329 4032 12.
352 3966 446 4033 Eutr.
469 3967 499 4049 9,
521 3968 572 4032 25.
596 3970 651 4049 qai
673 3973 777 4033 tamea
801 3968 848 4048 10,
874 3969 923 4032 15.

237 4066 264 4130 3.
306 4069 601 4135 Consecutiver
623 4068 895 4134 Relativsatz.
920 4071 953 4152 a)
977 4069 1147 4155 positiv:
1172 4067 1240 4132 Cic.
1257 4094 1288 4156 p.

166 4142 237 4225 Mur·
264 4170 310 4250 ll,
339 4169 383 4235 25
408 4169 561 4234 inventus
589 4180 639 4235 est
665 4170 774 4235 scriba
802 4171 934 4257 quidam
963 4169 1026 4234 Gn.
1054 4167 1204 4251 Flavius,
1232 4177 1289 4257 qui

167 4261 312 4333 00¹'ni0um
334 4269 446 4336 oculos
468 4271 640 4336 confixerit
662 4309 704 4318 —
725 4271 932 4357 proposuerit
946 4308 987 4317 —
1004 4268 1199 4356 compilarit.
1222 4272 1289 4335 Da-

166 4362 256 4438 3‘8011
280 4370 365 4436 Sen.
393 4388 442 4459 ep.
473 4373 522 4453 76,
549 4373 587 4437 15
615 4372 768 4437 inventus
797 4381 847 4436 est
874 4373 929 4459 qui
957 4370 1097 4435 flammis
1120 4375 1291 4456 imponeret

94 4492 96 4569 j
165 4461 289 4535 manum,
312 4509 349 4523 -
373 4473 448 4540 Liv.
477 4473 530 4555 22,
553 4474 579 4537 6Ι
595 4472 686 4538 fuere
715 4496 795 4560 quos
822 4471 1023 4538 inconsultus
1051 4495 1153 4559 pavor
1179 4475 1288 4540 nando
