2850 5002
595 319 826 384 „562-

138 495 171 559 p.
194 472 273 536 vim.
299 509 336 517 -
360 468 455 536 Noch
477 469 627 555 htufiger
648 470 702 536 bei
723 469 907 534 Tacitus:
936 471 1018 554 Agr.
1041 468 1064 532 9
1091 469 1266 535 ostentanda

138 573 261 638 virtute
283 579 339 636 aut
361 594 394 658 p.
417 580 532 636 artem.
566 570 605 635 4l
637 571 822 636 temeritato
851 580 908 636 aut
937 593 967 657 p.
994 569 1169 656 ignaviam.
1203 570 1264 658 Vgl.

139 675 245 738 meine
267 672 392 739 Schrift
413 671 495 737 iiber
516 671 612 760 Synt.
635 667 667 739 u.
693 671 755 739 Stil
777 671 835 738 des
858 673 936 736 Tac.
959 675 991 754 ξ.
1016 672 1089 738 105.

224 797 317 865 Nach
340 798 599 886 Schadeberg
619 801 665 865 im
686 800 812 866 Archiv
834 799 857 864 f.
880 798 997 864 Philol.
1015 798 1032 863 Ι
1048 798 1083 864 S.
1098 799 1162 864 414
1181 823 1264 887 sagon

141 900 195 965 die
216 900 380 966 Juristen:
403 894 476 986 lege
498 923 597 987 agere
618 910 814 967 testamento
837 900 944 987 (nicht
951 923 1013 984 per
1027 903 1265 988 testamentum),

138 1002 211 1088 lege
233 1023 331 1089 agere
347 1025 408 1087 per
429 1002 548 1068 iudicis
564 1003 824 1090 postulationem,
848 1024 906 1089 per
926 1025 1043 1068 manns
1064 1002 1264 1090 iniectionem,

138 1127 197 1191 per
223 1104 476 1187 condictionem,
504 1126 562 1192 per
589 1106 737 1192 pignoris
765 1105 952 1191 capionem3
988 1102 1138 1191 dagegen
1164 1105 1265 1172 wieder

138 1208 183 1271 im
205 1206 356 1273 Ablativ:
389 1207 553 1290 vindicta,
588 1228 704 1289 censu,
738 1206 853 1273 calatis
888 1206 1038 1276 comitiis.
1090 1206 1176 1272 Dass
1205 1229 1264 1272 man

139 1308 209 1373 sich
235 1308 315 1373 aber
343 1307 397 1374 bei
425 1308 548 1374 diesem
577 1307 667 1374 Usus
695 1308 779 1373 nach
808 1309 896 1374 einer
916 1308 1022 1394 Regel
1051 1309 1199 1395 richtete‚
1222 1311 1264 1374 be-

141 1408 265 1474 zweifle
286 1409 349 1475 ich.

221 1540 256 1605 4.
288 1536 541 1603 Instrumentale
574 1530 772 1623 Bodeutun'g
807 1537 865 1604 hat
892 1559 954 1621 per
995 1538 1080 1604 auch
1113 1539 1197 1605 wohl
1223 1541 1264 1604 bei

140 1638 209 1707 licet
227 1638 295 1704 und
317 1639 420 1704 damit
440 1639 655 1708 verwandten
669 1640 900 1708 Ausdrlicken.
937 1639 1003 1707 Per
1023 1662 1073 1706 me
1095 1642 1164 1708 licet
1183 1642 1266 1707 heisst

137 1741 222 1807 also:
246 1740 351 1805 durch
372 1741 459 1807 mich
481 1744 565 1809 wird
587 1765 621 1808 es
644 1744 736 1808 nicht
757 1741 940 1828 gehindert,
963 1742 1049 1808 wird
1064 1764 1099 1808 es
1119 1752 1265 1829 gestattet

138 1845 269 1910 Dareus
291 1843 447 1928 gestaltet
470 1843 541 1909 sich
567 1866 636 1909 nun
665 1847 736 1910 cine
764 1843 1015 1930 mannigfaltige
1036 1844 1265 1930 Phraseologie:

138 1946 245 2011 Plaut.
274 1947 368 2012 Asin.
398 1944 478 2031 prol.
510 1946 549 2009 12
577 1946 606 2010 si
632 1968 692 2032 per
719 1968 779 2011 vos
805 1944 891 2013 licet.
927 1945 1002 2015 Ter.
1031 1946 1099 2012 Ad.
1130 1949 1158 2030 1,
1183 1947 1212 2030 2,
1234 1946 1267 2010 28

117 2043 213 2112 'cum
234 2071 266 2135 p.
289 2056 429 2113 aetatem
451 2046 539 2113 licet.
577 2046 654 2112 Cic.
678 2048 776 2113 Rosc.
798 2050 873 2113 Am.
895 2048 939 2112 44
959 2048 988 2112 si
1010 2070 1042 2134 p.
1071 2069 1132 2114 vos
1160 2047 1268 2114 licitum

140 2151 211 2214 erit.
256 2149 350 2224 Ohne
372 2149 537 2213 Verbum:
565 2149 620 2213 fin.
644 2149 675 2231 2,
698 2150 740 2214 28
763 2159 982 2236 consequatur
1003 2172 1149 2226 summas
1171 2148 1268 2235 volup·

139 2262 222 2318 tates
245 2274 311 2316 non
332 2250 428 2316 modo
451 2272 571 2338 parvo,
600 2250 657 2315 sod
686 2272 745 2338 per
767 2272 818 2314 mo
842 2251 1152 2339 („meinetwegen“)
1173 2249 1269 2335 nihilo,

138 2355 167 2418 si
189 2363 307 2441 potest.
329 2391 372 2399 -
393 2352 487 2417 Verr.
517 2352 564 2433 ΙΙ,
596 2354 625 2434 1,
657 2351 696 2416 12
726 2373 821 2417 omne
848 2351 930 2417 illud
952 2362 1081 2440 tempus
1102 2393 1146 2402 —
1167 2354 1270 2419 habeat

138 2478 196 2542 per
217 2477 269 2519 me
292 2452 433 2520 solutum
456 2439 667 2520 ac'liberum.
692 2492 731 2502 -
755 2453 820 2519 Mit
840 2475 943 2538 posse:
969 2455 1044 2521 Ter.
1075 2457 1161 2522 Eun.
1191 2459 1220 2538 1,
1244 2455 1269 2536 2,

137 2557 179 2622 32
207 2579 314 2644 neque
348 2555 472 2621 sciebat
504 2578 609 2642 neque
638 2579 670 2640 p.
700 2565 843 2621 aetatem
878 2558 978 2623 etiam
1004 2566 1169 2643 potuerat.
1203 2557 1269 2623 (lic.

137 2659 215 2724 sam.
246 2660 297 2742 13,
325 2659 378 2741 29,
407 2659 427 2724 3
454 2666 492 2723 ut
518 2658 666 2744 primum·
685 2680 718 2744 p.
747 2667 896 2723 aetatem·
916 2658 1076 2724 iudicium
1098 2659 1206 2725 facere
1224 2680 1271 2745 po·

137 2763 250 2825 tueris.
289 2761 337 2844 16,
367 2761 384 2824 7
415 2782 490 2825 cum
517 2760 685 2825 commode
715 2768 748 2824 et
774 2784 805 2845 p.
834 2759 1058 2827 valetudinem
1087 2769 1120 2826 et
1147 2756 1180 2848 p
1207 2758 1272 2826 anni

138 2871 265 2951 tempus
297 2863 453 2946 navigare
486 2864 619 2948 poteris.
658 2885 689 2949 p.
721 2861 817 2927 domo
852 2863 891 2927 13
924 2863 1017 2927 cuius
1051 2884 1110 2948 per
1146 2871 1272 2928 aetatem

138 2974 229 3051 pater
252 2987 323 3030 esse
346 2964 488 3051 potuisti.
526 2962 635 3029 Caes.
663 2962 696 3027 b.
724 2985 756 3048 g.
785 2964 805 3028 3
850 2964 965 3029 9cum
988 2965 1132 3051 primum
1154 2988 1185 3052 p.
1207 2964 1272 3029 anni

136 3075 265 3153 tempus
291 3068 408 3152 potuit.
446 3068 481 3148 7,
511 3067 549 3131 71
579 3068 636 3151 qni
664 3088 696 3152 p.
725 3073 865 3131 aetatem
899 3087 992 3130 arma
1024 3065 1112 3132 ferre
1148 3067 1271 3154 possint.

139 3168 227 3253 (Liv.
250 3168 281 3251 3,
303 3167 370 3252 42).
402 3167 480 3233 Sall.
505 3167 582 3253 Jug.
605 3166 648 3231 64
669 3165 727 3232 nbi
749 3169 889 3251 primum
911 3168 1074 3254 potuisset
1094 3191 1128 3252 p.
1153 3167 1274 3255 negotia

136 3268 279 3356 publica.
312 3268 377 3335 Per
397 3291 445 3334 mc
465 3274 530 3335 stul
548 3291 606 3351 „es
627 3268 731 3354 hongt
751 3290 817 3334 von
837 3270 900 3333 mir
915 3267 993 3352 ab“,
1017 3270 1053 3333 in
1067 3270 1156 3336 allen
1170 3258 1279 3336 Zeiten'

137 3371 325 3455 gebraucht.
370 3369 495 3437 Stellen
521 3371 613 3456 giebt
639 3371 761 3437 Klotz
790 3371 873 3436 Lex.
897 3371 930 3437 S.
956 3370 1047 3438 1428.
1071 3411 1113 3420 -
1136 3373 1207 3438 Liv.
1230 3371 1272 3449 10,

136 3473 178 3537 25
193 3473 266 3556 sip.
282 3475 475 3539 commodum
488 3475 566 3556 reip.
581 3475 653 3557 fieri
668 3482 785 3560 posset.
819 3471 982 3538 Dasselbe
1002 3472 1055 3555 22,
1077 3473 1130 3538 57.
1159 3475 1209 3556 31,
1233 3474 1273 3536 11.

136 3575 189 3656 31,
212 3575 262 3640 50.
301 3574 428 3658 (Eluas
450 3575 580 3659 anders,
604 3574 712 3640 modal
734 3573 801 3639 und
824 3572 1022 3641 adverbiell:
1046 3575 1100 3659 30,
1130 3576 1173 3640 29
1200 3575 1274 3640 satin

136 3696 195 3762 per
224 3677 429 3742 commodum
457 3677 566 3742 onmia
594 3675 830 3764 explorassent.
866 3677 919 3759 42,
951 3675 990 3740 18
1019 3677 1079 3740 ubi
1106 3674 1220 3742 consul
1241 3712 1272 3722 -

137 3779 249 3865 copias
271 3802 304 3864 p.
328 3801 442 3843 comm.
469 3800 632 3865 exponere
655 3783 790 3865 posset).

221 3906 283 3972 Mit
305 3906 525 3991 Negation:
555 3905 623 3970 Cic.
653 3928 744 3994 prov.
772 3927 860 3971 cons.
890 3906 934 3970 18·
958 3907 986 3970 si
1014 3906 1096 3971 mihi
1123 3904 1274 3971 nonlicet

136 4030 196 4094 per
217 4006 343 4095 aliquos
365 4008 413 4071 ita
434 4006 578 4092 gloriari.
616 4009 650 4071 in
672 4009 738 4073 Pis.
762 4008 781 4072 8
803 4008 837 4072 id
860 4007 901 4072 ils
924 4029 989 4071 non
1010 4006 1110 4073 licere
1132 4030 1165 4095 p.
1188 4008 1272 4072 inter·

136 4110 224 4175 dicta
246 4108 451 4176 crudelitatis
474 4120 560 4174 tuae.
596 4108 662 4194 leg.
684 4110 772 4174 Man.
799 4111 814 4172 1
839 4131 912 4173 cum
945 4117 1042 4174 antea
1064 4130 1124 4197 per
1145 4118 1273 4175 aetatem

136 4212 282 4276 nondum
303 4248 345 4259 -
367 4211 531 4275 auderem.

221 4338 295 4402 Liv.
312 4340 343 4422 3,
358 4340 396 4403 41
417 4340 444 4403 si
460 4340 494 4402 in
510 4347 625 4403 senatu
640 4362 672 4426 p.
696 4338 873 4404 factionem
888 4359 954 4402 non
969 4334 1079 4403 liceat.
1108 4338 1140 4419 5,
1157 4338 1195 4402 12
1209 4357 1271 4402 cum

135 4439 295 4504 tributum
311 4441 453 4505 conferri
468 4465 499 4528 p.
517 4441 663 4506 tribunos
680 4464 745 4506 non
760 4449 881 4528 posset.
904 4440 989 4524 8,12
1009 4463 1040 4526 ρ.
1063 4438 1270 4505 valetudinem
