2850 5002
591 312 823 376 -688-

139 466 323 531 diffindere.
352 466 446 530 Laot.
462 465 493 547 4,
514 465 567 546 26,
588 465 629 528 37
652 462 765 528 limine
785 486 845 529 sua
866 463 907 527 de
927 485 1043 529 cruore
1063 465 1138 550 ugni
1155 473 1255 529 notant.

140 568 232 633 Eben
255 590 290 632 so
314 566 365 631 bei
389 565 573 631 Tertullian
594 565 662 630 und
683 565 847 631 Minucius
871 564 1000 630 Felix.

223 669 251 734 8.
282 669 322 732 In
344 667 431 733 allen
451 669 564 733 Zeiten
589 665 781 732 bezeichnet
802 669 839 732 cie
861 668 919 731 mit
942 667 1048 732 einem
1069 667 1191 734 Nomen
1209 667 1258 732 den

138 771 351 857 Gegenstand
375 772 463 836 eines
479 769 664 835 Affeotes
686 768 765 834 oder
786 769 876 834 einer
890 769 1099 854 geistigen
1114 770 1258 854 Theng-

137 868 249 938 risit.-
276 873 334 937 Bei
359 872 417 937 der
439 871 631 957 Erkltrung
653 870 759 936 dieses
783 870 958 936 soheinber
981 893 1046 936 von
1068 870 1126 935 der
1148 869 1257 936 Grund-

137 974 327 1060 bedeutung
355 996 441 1063 genn
470 971 724 1039 abu'eiohenden
750 971 961 1039 Gebr'euohes
997 995 1086 1038 muss
1112 995 1185 1037 man
1209 994 1260 1037 von

138 1076 201 1141 den
227 1076 347 1141 Verbis
377 1077 434 1141 der
464 1075 628 1141 Affeote
655 1073 838 1159 ausgehen‚
867 1072 953 1138 deun
982 1075 1041 1140 der
1068 1073 1260 1162 Ursprung

138 1178 195 1243 des
218 1179 361 1243 Affeotes
389 1176 469 1262 liegt
496 1177 530 1241 in
559 1176 617 1240 der
643 1179 703 1241 mit
730 1177 767 1240 de
796 1175 1029 1241 beneiohneten
1051 1175 1172 1241 Person
1198 1176 1260 1241 oder

138 1279 252 1345 Saohe.
308 1280 405 1343 Dann
434 1279 478 1344 ist
510 1280 562 1344 (116
596 1278 829 1344 construction
867 1277 951 1342 auch
990 1277 1051 1342 auf
1080 1277 1188 1343 Verba
1215 1278 1260 1343 des

138 1383 289 1466 Sagens
312 1380 380 1445 und
408 1380 602 1445 Denkens
631 1380 895 1466 iibergegangen.
938 1379 1062 1465 Belege
1083 1380 1159 1445 sind
1179 1380 1261 1466 kann

138 1484 269 1568 nothig:
294 1482 368 1547 Ter.
391 1483 421 1567 2,
444 1483 474 1565 2,
498 1482 540 1545 44
562 1482 666 1548 laetus
690 1490 739 1547 est
762 1481 803 1546 (16
825 1484 940 1547 amieo.
971 1482 1040 1547 oio.
1063 1483 1158 1547 Verr.
1179 1482 1219 1563 ΙΙ,
1239 1485 1260 1563 1,

137 1586 179 1649 30
200 1585 300 1650 flebat
322 1593 467 1670 uterque,
496 1606 561 1649 non
589 1585 630 1649 de
658 1607 717 1648 suo
746 1583 916 1670 supplicio,
946 1582 1004 1648 sed
1032 1595 1127 1669 poter
1154 1583 1192 1648 de
1215 1582 1260 1648 filii

138 1697 252 1771 morte,
276 1686 318 1751 (16
339 1686 443 1772 patris
466 1686 562 1750 filius.
593 1688 663 1751 Att.
687 1686 736 1771 12,
760 1689 776 1750 1
800 1685 841 1752 (16
856 1686 989 1751 Atticae
1011 1684 1172 1751 febricula
1192 1683 1260 1750 scili

138 1798 189 1853 oet
211 1788 309 1852 valde
333 1786 433 1854 dolui.
464 1788 494 1872 6,
517 1788 536 1852 6
560 1787 600 1852 de
623 1787 801 1853 Hortensio
825 1797 858 1852 te
880 1797 968 1853 certo
992 1788 1060 1852 seio
1084 1786 1200 1852 dolere.

222 1888 305 1954 Hier
327 1890 372 1955 ist
395 1913 456 1954 nur
478 1889 563 1955 nooh
587 1889 642 1953 die
664 1888 882 1978 Brachylogie
905 1913 946 1954 zu
968 1889 1158 1970 erw'rthnen‚
1185 1911 1262 1954 wenn

136 1994 173 2057 (16
202 1990 372 2057 bedeutet:
409 1994 491 2074 quod
518 1994 629 2057 attinet
655 1990 918 2077 (riioksiohtlich)
952 1992 1020 2057 und
1049 1991 1109 2056 das
1136 1991 1263 2056 Verbum

136 2093 226 2158 nicht
248 2116 289 2158 zu
311 2115 428 2180 passen
451 2093 585 2161 soheint.
616 2091 721 2159 Plaut.
744 2093 843 2158 Mero.
866 2094 929 2160 520
952 2092 993 2159 (16
1015 2093 1159 2178 lanificio
1179 2091 1263 2158 nemi·

135 2218 211 2260 nem
237 2205 358 2262 metuo.
394 2194 513 2260 Pseud.
545 2194 605 2258 123
639 2193 680 2258 (16
715 2195 797 2260 istae
831 2219 866 2260 re
894 2197 928 2260 in
962 2193 1094 2261 oculum
1121 2195 1265 2260 utrumvis

136 2297 368 2385 conquiescito.
392 2335 433 2343 —
457 2297 537 2361 Cio.
560 2295 656 2360 Verr.
678 2295 725 2379 ΙΙ,
744 2296 808 2376 1,2
829 2296 871 2361 (16
892 2298 1022 2363 iudiciis
1045 2296 1266 2363 transferendis

116 2389 297 2464 recusare.
327 2397 411 2463 Phil.
437 2399 486 2479 13,
512 2398 551 2462 16
575 2397 615 2462 (16
635 2396 845 2486 Theopompo
867 2398 1087 2484 negleximus.
1118 2399 1207 2464 Brut.
1227 2420 1266 2484 ep.

137 2499 203 2566 Cio.
234 2501 311 2563 fam.
344 2501 397 2581 11,
426 2501 446 2564 3
479 2501 557 2586 quin
590 2500 684 2565 nobis
720 2500 761 2565 de
794 2511 898 2566 morte
926 2500 1086 2567 Caesaris
1112 2501 1267 2567 obiiceres.

137 2601 202 2669 Cic.
233 2602 310 2666 fam.
343 2601 396 2684 12,
425 2602 483 2685 30,
511 2602 528 2665 7
563 2602 605 2665 (16
633 2599 757 2689 reliquo
788 2605 867 2685 (was
897 2603 955 2667 das
984 2603 1268 2688 iibrigelbetrifft).

138 2704 189 2786 13,
214 2704 263 2784 78,
286 2703 317 2766 2.
349 2702 459 2767 Caes.
482 2703 515 2767 6.
539 2725 570 2788 g.
595 2703 624 2785 6,
653 2703 694 2768 36
724 2705 765 2767 (16
792 2727 925 2770 numero
956 2704 1086 2768 dierum
1109 2706 1268 2769 Caesarem

137 2804 235 2869 fidem
258 2813 471 2870 servaturum.
518 2806 621 2890 Soger
644 2805 727 2870 ohne
749 2805 911 2870 Verbum:
937 2807 965 2887 7,
989 2806 1030 2870 66
1053 2805 1096 2869 (16
1119 2806 1270 2891 equitibus

136 2907 276 2972 hostium
300 2915 356 2971 ott.
401 2905 558 2992 Weniger
580 2905 774 2972 auffsllend:
799 2909 827 2987 1,
851 2909 890 2970 14
913 2907 940 2971 si
962 2906 1112 2972 Haeduis
1137 2908 1179 2972 de
1200 2908 1269 2971 iniu-

136 3008 193 3072 riis
217 3007 430 3073 satisfaoiant.
465 3008 505 3071 27
528 3008 653 3093 legatos
682 3009 724 3072 de
751 3009 916 3073 deditione
943 3009 985 3073 ad
1016 3031 1091 3074 eum
1114 3011 1271 3075 miserunt.

136 3110 178 3174 42
204 3110 291 3195 quod
325 3119 421 3174 antea
455 3109 495 3173 de
527 3108 687 3196 colloquio
721 3108 927 3194 postulasset.
969 3111 1012 3173 44
1045 3111 1088 3175 de
1119 3111 1270 3199 stipendio

136 3233 287 3276 recusare
310 3210 392 3296 (ng.
417 3211 502 3275 oben
524 3211 593 3276 Cio.
616 3210 726 3297 Verr.)
749 3213 779 3293 3,
803 3214 822 3275 3
846 3211 886 3276 (16
908 3212 1071 3277 frumento
1094 3214 1271 3300 reliquoque

137 3323 318 3377 commeatu
345 3314 424 3377 satis
452 3314 628 3401 provisum.
659 3350 701 3360 —
729 3314 816 3378 Liv.
844 3314 879 3396 2,
912 3313 951 3377 18
980 3312 1107 3399 legatos
1135 3316 1177 3381 de
1203 3337 1270 3402 paee

136 3417 280 3480 mittunt.
311 3416 342 3499 5,
363 3416 405 3480 36
425 3415 466 3481 de
488 3414 613 3505 auxilio
635 3414 717 3479 nihil
739 3415 957 3502 impetratum.
989 3416 1076 3496 6,17
1098 3439 1165 3483 non
1185 3437 1269 3502 nega·

136 3526 206 3582 tum
236 3516 277 3581 (16
305 3517 453 3604 captivis
494 3518 530 3599 6,
560 3517 603 3581 42
631 3537 822 3583 eoncessum
852 3518 893 3582 ab
921 3516 1096 3584 nobilitate
1126 3518 1213 3606 plebi
1238 3517 1270 3580 de

137 3618 272 3685 consule
294 3618 431 3704 plebeio.
464 3620 512 3701 10,
538 3621 578 3683 10
600 3617 641 3682 (16
670 3621 825 3685 societate
853 3619 941 3684 haud
969 3622 1131 3685 abnuunt.
1175 3622 1268 3685 Aehn·

137 3720 240 3787 liehes
263 3721 346 3786 auch
368 3720 422 3786 661
446 3719 615 3808 Spttteren.

223 3824 251 3887 9.
287 3822 350 3886 Mit
382 3822 457 3887 dem
485 3823 758 3888 substantivirten
794 3822 954 3887 Neutrum
988 3823 1078 3888 eines
1107 3823 1269 3912 Adjeotivs

138 3926 241 3992 bildet
263 3927 300 3990 de
321 3924 657 4011 Adverbialbegriffe:
687 3926 724 3990 (16
750 3927 917 4008 improuiso
949 3925 1046 4009 (auch
1077 3929 1127 4008 ex)
1159 3926 1223 3990 und
1241 3925 1270 3989 (6

136 4031 256 4110 ottoque
279 4030 313 4091 in
336 4025 421 4090 allen
442 4024 632 4110 Zeiteltern,
656 4028 693 4092 de
714 4046 793 4091 nouo
814 4025 875 4091 seit
894 4026 1021 4111 Livius,
1046 4029 1084 4091 (16
1106 4033 1268 4094 transuerso

137 4129 205 4199 Oio.
228 4131 299 4200 Art.
324 4128 374 4212 15,
396 4129 427 4212 4,
449 4129 470 4194 5
493 4129 636 4213 (Liviusz
660 4129 723 4213 ex),
746 4130 783 4194 de
797 4129 898 4212 piano
926 4128 1103 4213 ‚,einfaoh“
1131 4129 1225 4197 Luor.
1247 4130 1268 4207 1,

137 4231 211 4296 412.
241 4230 351 4296 Ueber
375 4222 532 4296 desubito
555 4254 580 4295 s.
605 4235 634 4312 ξ.
660 4231 710 4295 74.

223 4337 252 4413 ἓ.
274 4333 346 4397 287.
376 4332 441 4397 Ein
463 4331 686 4418 begrifflioher
706 4330 921 4397 Untersohied
942 4332 1108 4398 zwisohen
1129 4355 1167 4400 er
1186 4330 1270 4398 unde

138 4433 397 4518 bestehtnioht3
426 4433 461 4498 in
487 4433 654 4499 formeller
676 4434 829 4500 Hinsioht
856 4433 943 4499 steht
970 4456 1032 4500 nur
1060 4434 1142 4518 fest,
1172 4436 1269 4502 desso
