2850 5002
92 957 98 1084 l

574 297 720 361 -247
764 334 805 343 —

152 452 213 519 alius
229 450 394 537 quisquam
416 472 507 514 arma
527 458 660 534 caperet
681 457 739 512 aut
752 449 869 513 castris
884 447 1006 535 pellere
1021 449 1147 514 hostem
1161 472 1257 516 eona·

150 562 224 633 retur,
242 550 337 615 etiam
359 551 431 637 ipse
451 572 511 615 rex
533 588 575 598 -
597 549 788 637 perfugerit.
834 549 991 634 Httuliger
1013 551 1097 616 wird
1119 550 1189 615 dies
1213 552 1257 615 im

99 637 102 644 Ι
150 654 281 721 silbemert
300 650 371 717 und
392 660 508 739 apaten
528 652 660 716 Latein:
684 651 773 717 Suet.
797 652 891 715 (laos.
915 652 957 715 39
977 661 1014 716 ut
1038 691 1074 700 -
1091 662 1258 717 manerent

92 748 98 788 ·'
150 753 423 840 -exanimatique
445 753 521 817 sint.
566 752 683 819 Oetav.
705 753 746 816 23
768 751 850 817 adeo
877 762 1117 818 consternatum
1138 755 1258 837 ferunt,

92 887 96 952 ἶ
149 866 222 922 nt-
234 863 329 941 caput
351 854 515 919 interdum
536 853 662 919 foribus
677 852 821 918 illideret
837 892 878 901 —-
893 855 1044 941 diemque
1060 854 1161 921 cladis
1177 880 1255 941 quo-

149 958 228 1022 tannis
246 964 405 1021 maestum
427 956 579 1021 habuerit
600 977 638 1019 ac
660 954 843 1039 lugubrem.
887 955 975 1019 Nero
989 956 1032 1020 25
1054 966 1179 1022 tantum
1201 956 1256 1021 ab·

149 1058 193 1123 luit
208 1080 225 1122 a
241 1056 439 1122 remittendo
460 1055 667 1144 laxandoque
689 1055 798 1121 studio
820 1067 857 1121 ut
879 1095 920 1105 -
941 1079 1045 1143 neque
1062 1058 1183 1123 milites
1199 1081 1259 1122 un·

149 1180 220 1246 quam
236 1159 299 1223 nisi
320 1157 494 1223 absens—
509 1157 689 1245 appellaret
710 1180 816 1245 neque
838 1155 1014 1244 quidquam
1038 1161 1123 1223 s'orio
1145 1161 1260 1224 iocove

149 1262 225 1345 egerit
248 1260 313 1324 nisi
341 1296 384 1309 -
410 1258 586 1347 multisque
614 1257 667 1325 vel
696 1259 874 1323 amicitiam
904 1282 996 1322 suam
1025 1260 1180 1325 obtulerit
1207 1260 1260 1325 vel

149 1360 315 1427 simultatem
336 1361 504 1427 indixerit.
548 1359 661 1425 Vitell.
686 1362 703 1424 7
728 1369 855 1425 constat
877 1363 1006 1425 exituro
1023 1361 1180 1425 viaticum
1203 1362 1258 1425 de·

148 1460 223 1527 luisse
241 1472 330 1527 tanta
351 1472 498 1549 egestate
518 1464 565 1527 rei
579 1461 761 1539 familiaris,
784 1471 821 1525 ut
839 1462 1024 1526 —domum
1046 1464 1080 1526 in
1101 1463 1260 1549 reliquam

148 1572 244 1647 partem
264 1565 342 1629 anni
364 1564 530 1630 ablocaret
550 1572 702 1651 utque-
721 1565 875 1628 unionem
898 1564 1129 1649 pigneraverit.
1154 1563 1258 1629 Flor.

147 1664 225 1747 212,
244 1666 263 1731 8
286 1666 379 1731 cuius
401 1665 563 1731 adventus
585 1666 656 1751 ipsc
677 1663 759 1728 adeo
782 1663 937 1728 terribilis
961 1666 1032 1749 regi
1053 1665 1131 1745 fuit,
1154 1674 1190 1729 ut
1211 1666 1258 1728 in-

147 1774 240 1833 teresse
258 1789 324 1832 non
345 1766 494 1848 auderet,
523 1766 582 1831 sed
603 1765 748 1850 gerenda
771 1765 908 1830 ducibus
936 1765 1023 1830 bella
1044 1768 1258 1833 mandaverit.

147 1864 255 1934 lustin
278 1869 326 1946 12,
354 1869 394 1931 14
425 1869 516 1932 euius
544 1868 663 1933 veneni
685 1875 776 1931 tanta
799 1868 848 1930 vis
872 1868 952 1951 fuit,
975 1875 1098 1931 utnon
1120 1889 1195 1931 aere
1216 1906 1258 1915 —

146 1972 337 2035 contineretur
369 1989 429 2035 nec
461 1967 556 2033 aliter
588 1968 668 2032 ferri
700 1969 764 2032 nisi
791 1970 826 2032 in
853 1967 977 2053 ungula
1004 1970 1078 2053 equi
1105 1970 1257 2053 potuerit.

146 2065 248 2153 Spart.
271 2072 349 2139 Did.
372 2069 440 2136 Jul.
463 2072 483 2136 3
505 2079 615 2135 tantae
638 2070 852 2156 parsimoniae
875 2070 977 2134 fuisse
1000 2071 1199 2155 perhibetur,
1221 2080 1258 2136 ut

102 2235 105 2242 .
146 2172 345 2253 pertriduum
372 2170 565 2258 porcellum,
599 2192 657 2256 per
688 2170 832 2235 triduum
855 2169 997 2258 leporem
1020 2171 1198 2253 divideret,
1229 2174 1258 2236 si

146 2273 199 2355 quis
218 2277 244 2339 ci
265 2276 351 2339 forte
372 2274 525 2356 misisset,
548 2294 646 2359 saepe
668 2283 776 2338 autem
799 2311 840 2319 -
868 2274 938 2337 sine
960 2295 1058 2338 earne
1080 2275 1258 2337 conaverit.

145 2368 182 2435 ld.
198 2375 277 2441 Geta
298 2376 318 2440 6
339 2373 435 2440 multi
457 2373 513 2439 alii
535 2376 723 2461 interempti
746 2384 822 2438 sunt
844 2412 883 2422 -
907 2376 952 2439 ita
974 2384 1010 2439 ut
1031 2385 1064 2439 ct
1085 2377 1119 2438 in
1140 2374 1257 2440 balneo

146 2474 210 2541 ctin
227 2476 355 2563 publico
377 2484 633 2563 percuterentur,
656 2476 856 2562 Papinianus
878 2478 949 2564 ipse
965 2478 1071 2541 securi
1085 2499 1258 2563 percussus

146 2573 183 2639 tit
217 2577 391 2665 Capitol.
418 2580 498 2643 Ant.
526 2577 585 2641 Ph.
615 2579 632 2641 7
660 2577 894 2642 aestimationis
922 2588 1046 2643 tantam
1069 2600 1179 2643 curam
1199 2578 1256 2643 ha·

97 2665 101 2678 ’
145 2670 206 2761 luit,
223 2690 257 2747 ut
278 2690 312 2746 et
332 2689 558 2766 procuratores
587 2701 663 2743 suos
692 2702 773 2765 puer
800 2702 928 2765 semper·
950 2690 1095 2744 moneret
1115 2702 1157 2743 ne
1179 2682 1258 2765 quid

144 2783 321 2865 arrogantius
343 2782 501 2865 facerent,
525 2791 557 2845 et
578 2780 777 2845 hereditates
800 2780 924 2844 delatas
940 2780 1080 2845 reddens
1098 2783 1256 2867 proximis

144 2872 290 2967 aliquando
312 2884 485 2969 respuerit.
529 2881 579 2947 Id.
603 2882 705 2948 Gord.
728 2882 748 2945 (i
771 2903 883 2947 socero
906 2891 1106 2947 auctentum
1130 2882 1256 2964 detulit,

92 2997 99 3082 ι·
144 2983 218 3049 utin
241 2984 400 3051 familiam
428 2987 499 3049 eius
527 2985 622 3070 quasi
643 2982 746 3047 filium
775 2986 933 3067 migrasse
961 3005 996 3046 se
1023 2983 1187 3065 erederet,
1220 2994 1257 3049 ut

92 3085 95 3098 “
144 3098 282 3175 nunquam
309 3108 384 3151 curn
413 3107 450 3149 eo
478 3085 612 3167 laverit,
645 3107 812 3171 nunquam
839 3083 895 3148 illo
928 3094 1098 3169 praesente
1125 3085 1256 3150 sederit.

92 3223 94 3231 ·
143 3176 271 3275 hampr.
294 3188 419 3254 Comm.
450 3188 489 3251 13
518 3189 637 3253 virium
664 3185 707 3249 ad
735 3186 951 3251 conficiendas
978 3187 1064 3250 feras
1092 3196 1256 3251 tantarum

144 3278 201 3370 fuit,
218 3300 251 3355 ut
272 3288 482 3376 elephantum
504 3298 600 3354 conto
629 3288 833 3373 transfigeret
855 3297 888 3351 et
909 3289 1020 3372 orygis
1043 3309 1142 3352 cornu
1164 3289 1257 3354 hasta

141 3386 330 3457 mnsmiaerit
352 3399 386 3455 et
408 3388 545 3474 singulis
560 3389 680 3455 ictibus
697 3392 798 3453 multa
812 3390 902 3453 milia
916 3390 1057 3453 ferarum
1073 3390 1255 3455 conficeret.

140 3476 279 3581 llutrop.
302 3494 333 3575 7,
356 3493 397 3554 21
420 3501 531 3575 tantae
553 3491 723 3556 civilitatis
745 3492 818 3573 luit,
840 3501 876 3555 ut
898 3489 1023 3555 nullum
1045 3493 1174 3556 omnino
1197 3515 1255 3576 pu·

92 3589 96 3676 J
138 3582 217 3677 litet,
235 3594 401 3661 convictos
422 3630 464 3641 —
487 3594 717 3658 coniurationis
747 3594 792 3655 ita
818 3593 993 3678 dimiserit,
1022 3601 1059 3657 ut
1086 3593 1255 3659 incedam

138 3680 337 3761 flturiliaritatc
359 3716 425 3780 qua
446 3704 543 3759 antea
565 3695 724 3759 habuerit.

208 3796 233 3861 2.
252 3797 367 3861 Durch
390 3797 666 3861 subordinirte
689 3795 796 3861 Setae.

208 3918 232 3963 a
252 3896 466 3965 Gewbhnlich
488 3899 602 3962 stehen
625 3898 726 3979 diese,
749 3897 809 3961 der
830 3900 932 3983 Regel
960 3905 1101 3983 gemam,
1123 3897 1164 3959 in
1186 3920 1254 3960 un·

138 3985 301 4067 slcichen
322 4000 603 4085 Temporibus:
636 4000 704 4064 cie.
734 4023 801 4087 rep.
830 4001 861 4081 2,
885 4000 915 4080 6,
948 4001 983 4062 11
1006 4009 1043 4063 ut
1064 3998 1110 4061 ita
1131 3998 1257 4061 munita

138 4098 190 4155 ΕΠ
207 4102 408 4167 circumiectu
430 4102 530 4166 arduo
553 4110 586 4165 et
608 4103 701 4187 quasi
723 4102 913 4166 circumciso
934 4120 1012 4163 saxo
1027 4100 1197 4182 niteretur,
1219 4108 1256 4163 ut

138 4192 222 4263 tilam
239 4204 272 4268 in
291 4203 350 4268 illa
371 4212 563 4287 tempestate
585 4202 732 4268 horribili
755 4201 874 4267 Gallici
897 4200 1058 4266 adventus
1084 4199 1255 4264 incolumis

137 4295 221 4377 atque
239 4304 358 4371 intaeta
379 4306 604 4390 permanserit.
647 4306 807 4389 Haufiger
829 4304 931 4387 hangt
952 4302 1255 4386 umgchehrt·vom

135 4382 278 4473 P⁰rfeet
299 4409 364 4472 ein
387 4407 605 4495 Imperfect
628 4408 684 4471 ab:
709 4406 793 4470 Phil.
820 4405 867 4486 10,
891 4406 908 4468 7
932 4412 1057 4469 tantum
1075 4403 1253 4471 autemab-
