2850 5002
595 388 632 405 —
677 348 824 423 496*-

138 531 347 597 magnacum
362 531 451 576 cura.
474 507 627 577 Plautus:
652 531 859 597 magnacum
874 528 962 594 cura,
978 527 1053 574 oum
1065 527 1141 576 cura
1154 527 1251 596 magua.

20 698 22 705 γ
138 615 278 678 Terens:
303 636 376 678 cum
399 634 524 677 summo
546 614 678 698 probro.
711 611 920 679 Namentlieh
942 611 1040 678 sollte
1053 613 1122 678 dies
1137 611 1253 677 derFall

139 716 220 798 sein,
245 737 339 780 wenn
362 714 420 778 der
434 713 572 780 Ablativ
588 715 670 780 ohne
687 713 837 780 Attribut
852 715 950 797 steht,
974 715 1037 779 wie
1052 712 1106 778 bei
1120 713 1251 778 Naevius:

139 840 213 883 cum
235 828 348 905 stupro
371 816 477 882 redire
499 815 543 898 ad
565 838 641 881 suos
663 815 842 903 popularis.
885 814 991 883 Plaut.
1013 815 1105 881 Pers.
1128 815 1253 880 1981aoe

138 941 207 983 rem
229 918 313 984 hano
335 941 409 983 eum
432 940 510 983 cura
531 940 636 1003 geras
667 918 787 1005 Amph.
805 920 834 1000 1,
852 920 881 998 1,
896 917 936 981 21
960 939 1035 982 cum
1057 917 1174 984 labore.
1197 914 1252 980 Ter.

139 1021 226 1085 Eun.
248 1018 330 1108 prol.
344 1021 387 1085 44
402 1042 476 1085 cum
499 1019 628 1087 silentio
644 1021 788 1085 animum
803 1018 971 1086 attendite.
1004 1023 1033 1105 1,
1051 1022 1080 1100 1,
1098 1019 1136 1085 18
1155 1029 1188 1083 ut
1199 1039 1252 1082 eun
1288 1047 1289 1050 ¹

137 1125 264 1188 ratione
286 1123 442 1188 insanias.
472 1122 577 1187 Andr.
595 1124 624 1204 1,
643 1124 670 1203 1,
689 1123 750 1187 104
764 1144 837 1188 oum
853 1121 1007 1208 periculo.
1022 1161 1065 1170 —-
1079 1121 1148 1186 Aua
1168 1118 1251 1182 1111-

139 1223 297 1288 sischer
323 1222 391 1287 und
421 1231 608 1310 spttterer
629 1225 720 1288 Zeit:
755 1224 825 1290 Cic.
848 1223 944 1289 Verr.
968 1223 1078 1307 11,·1,
1100 1218 1252 1287 2411111

137 1325 255 1389 itinere
276 1327 404 1391 veniret
423 1326 639 1411 Lampsacum
668 1346 742 1389 oum
769 1347 889 1410 magna
914 1326 1104 1391 calamitate
1125 1332 1156 1389 et
1177 1342 1252 1410 prope

139 1428 283 1513 pernicie
316 1427 460 1492 civitatis
495 1425 563 1512 (die
592 1425 743 1511 Folgen
769 1426 1019 1512 bezeichnend).
1069 1425 1162 1491 Mehr
1183 1423 1252 1510 giebt

138 1527 238 1591 Hand
260 1528 358 1592 Turs.
380 1527 427 1609 II,
451 1526 485 1592 S.
510 1528 581 1592 153.
625 1528 844 1614 Nothwendig
873 1531 933 1594 mit
953 1549 1042 1594 eum:
1071 1525 1252 1606 (110132

137 1650 209 1693 cum
233 1628 316 1693 febri
333 1628 463 1694 domum
485 1629 592 1696 rediit.
622 1628 698 1694 Und
714 1652 750 1694 so
765 1630 799 1693 in
815 1630 873 1695 der
887 1630 990 1715 Regel
1006 1629 1061 1695 bei
1075 1628 1250 1706 Klassikem,

138 1751 233 1796 wenn
261 1731 320 1795 der
346 1730 425 1794 Abl.
453 1731 548 1795 kein
576 1730 765 1796 Attribut
792 1731 865 1797 hat:
894 1731 964 1797 div.
989 1734 1022 1810 1,
1046 1732 1088 1796 29
1115 1728 1260 1812 multaque¹

137 1832 246 1896 facere
268 1833 394 1918 impure
410 1841 508 1918 atque
531 1840 623 1914 tetre,
646 1855 720 1896 oum
735 1834 918 1898 temeritate
932 1845 966 1900 et
983 1832 1188 1920 impudentia.
1211 1829 1251 1892 fir.

138 1935 174 2014 2,
195 1935 237 1999 ,11
261 1934 375 1997 vivere
403 1955 477 1996 cum
505 1931 724 2017 intelligentia
745 1957 857 1999 earum
879 1957 996 2000 rerum.
1033 1935 1070 2015 3,
1093 1934 1112 1999 8
1134 1934 1251 2011 honeste,

137 2035 173 2098 id
196 2044 246 2099 est
268 2056 341 2098 oum
364 2036 487 2100 virtute
509 2035 633 2099 vivere.
662 2036 697 2115 5,
722 2037 758 2099 11
783 2058 824 2117 ne
852 2059 926 2102 cum
955 2035 1068 2100 dolore
1081 2035 1251 2100 moriantur.
1290 2117 1293 2124 Ι

138 2136 180 2200 11
202 2159 247 2204 or.
270 2137 307 2218 2,
330 2136 371 2201 85
393 2135 472 2222 quid
494 2158 566 2200 cum
589 2136 670 2220 lide,
700 2136 780 2221 quid
802 2160 876 2201 cum
902 2136 1135 2225 aequabilitate
1154 2135 1251 2199 fecerit

138 2246 218 2306 orat.
233 2238 275 2303 52
297 2247 443 2304 oratores
459 2259 533 2302 cum
549 2239 724 2303 severitate
739 2238 857 2317 audiri,
880 2248 993 2325 poetas
1008 2261 1083 2304 oum
1098 2235 1250 2323 voluptate.

138 2340 190 2404 off.
216 2341 245 2422 1,
267 2340 309 2404 38
331 2340 381 2403 ira
402 2340 515 2426 procul
537 2340 639 2422 absit,
668 2363 742 2404 eum
770 2362 834 2427 qua
860 2339 941 2404 nihil
967 2350 1057 2405 reete
1084 2339 1168 2420 fieri,
1190 2333 1252 2402 nihil

139 2439 342 2506 considerate
363 2450 479 2528 potest
523 2440 635 2506 Dahin
657 2440 772 2525 gehdrt
794 2443 893 2507 auch:
923 2441 966 2506 ad
989 2442 1055 2523 Qu.
1076 2443 1117 2506 fr.
1142 2442 1174 2521 1,
1192 2435 1251 2520 ul

138 2551 227 2608 certo
251 2544 336 2607 enim
358 2541 426 2606 seio
450 2551 481 2605 te
503 2541 621 2606 fecisse
643 2563 714 2607 oum
735 2563 832 2609 eausa
854 2544 949 2630 („aus
971 2555 1072 2628 guten
1088 2541 1251 2618 Grunded,

139 2653 235 2710 statt:
258 2666 323 2708 non
338 2643 408 2708 sine
424 2647 546 2724 causa.)
575 2644 652 2708 Sall.
669 2642 746 2729 Jug.
762 2645 805 2709 54
825 2647 952 2710 saucios
975 2666 1046 2710 eum
1067 2666 1144 2710 euro
1163 2641 1251 2708 reficit

137 2747 212 2812 Liv.
234 2746 287 2828 23,
309 2747 349 2810 31
373 2745 524 2831 prodigia
546 2767 620 2809 cum
642 2767 720 2809 cura
742 2747 884 2834 expiata.
928 2747 1024 2811 Eben
1047 2768 1083 2810 so
1104 2745 1155 2828 22,
1175 2741 1251 2822 42,1.

24 2831 26 2836 ’
137 2848 190 2930 38,
216 2849 263 2928 18,
289 2850 305 2912 7
329 2846 397 2911 und
419 2845 473 2909 bei
497 2846 639 2927 Curtius,
663 2848 788 2913 Seneca
799 2873 841 2913 ·u.
864 2872 892 2914 a.
921 2848 996 2913 Liv.
1011 2849 1049 2932 2,·
1058 2848 1099 2913 23
1121 2869 1187 2911 cum
1204 2842 1252 2906 cla·

139 2971 227 3013 more
249 2950 289 3027 in·
305 2948 412 3012 sorum
435 2948 585 3012 curritur.
615 2949 698 3012 Plin.
722 2971 772 3037 ep.
795 2950 831 3032 2,
857 2951 911 3033 13,
935 2950 954 3014 8
977 2948 1066 3035 quod
1088 2964 1253 3036 quamquam

136 3073 234 3137 parce
257 3059 384 3115 etcum
407 3048 536 3114 delectu
558 3049 661 3114 daret.

87 3211 90 3217 .
222 3150 286 3215 Die
308 3151 581 3217 militarisohe
608 3151 855 3238 Begleitung
884 3151 967 3216 wird
996 3151 1074 3217 bald
1097 3152 1168 3232 mit,
1194 3145 1253 3213 bald

137 3255 223 3318 ohne
244 3274 314 3337 euru
336 3254 537 3320 bezeichnet.
580 3252 690 3318 Ueber·
713 3255 836 3320 Caesar
857 3253 992 3318 handelt
1014 3253 1169 3318 Kraner
1187 3250 1214 3315 1.
1231 3269 1252 3310 e.

140 3358 167 3436 1,
189 3355 242 3437 41,
265 3356 295 3418 2.
326 3356 356 3437 2,
383 3356 433 3436 19,
459 3357 487 3417 1.
510 3392 549 3401 -
575 3354 690 3419 Livius
720 3357 846 3440 sagtl,
871 3355 925 3418 14:
955 3377 1107 3441 egressus
1129 3348 1252 3418 omnibus

137 3456 251 3541 copiis.
281 3456 312 3537 5,
335 3456 376 3521 53
400 3458 427 3520 si
449 3457 515 3519 iam
537 3458 631 3520 novis
655 3457 758 3542 copiis
781 3457 925 3521 veniant.
956 3458 985 3540 1,
1000 3457 1042 3521 37
1061 3455 1185 3521 obviam
1202 3452 1252 3514 iere

96 3552 98 3561 '
137 3557 349 3623 tumultuario
371 3558 484 3621 milite.
514 3558 545 3638 3,
567 3557 609 3621 23
632 3556 756 3643 reliquo
779 3560 926 3623 exercitu
948 3557 1038 3622 haud
1060 3555 1169 3645 procul
1187 3571 1251 3617 moe-

136 3659 232 3723 nibus
247 3659 382 3739 Tusculi
398 3657 580 3724 considunt.
605 3658 658 3742 28,
674 3660 715 3723 38
731 3660 843 3724 decem
858 3660 1000 3725 navibus
1017 3660 1154 3724 Romam
1166 3654 1251 3732 rediit.

136 3761 213 3827 Und
236 3784 272 3827 so
295 3761 389 3825 bfter.
433 3760 525 3825 Aber
547 3759 696 3825 derselbe
719 3771 793 3846 sagt
815 3760 913 3826 auch:
942 3761 974 3845 2,
996 3761 1039 3826 33
1061 3782 1130 3826 eum
1151 3757 1252 3825 delecto

137 3861 277 3927 militum
300 3884 397 3926 manu
419 3885 541 3949 -per
562 3871 725 3948 patentem
746 3873 872 3950 portam
894 3862 1023 3950 irrupit.
1053 3864 1085 3948 3,
1098 3862 1141 3926 24
1154 3860 1252 3924 victore

136 3987 210 4029 cum
225 3967 372 4028 exercitu
388 3964 502 4029 urbem
523 3963 614 4029 inire.
644 3964 696 4047 21,
712 3964 732 4028 5
769 3986 842 4029 oum
858 3966 1005 4028 exercitu
1020 3986 1077 4029 suo
1100 3962 1250 4052 profectus.

137 4066 231 4130 Eben
253 4089 289 4131 so
312 4065 343 4147 8,
366 4066 417 4147 37,
441 4065 472 4130 9.
501 4066 553 4148 24,
577 4067 629 4147 30,
655 4068 682 4128 1.
712 4065 763 4146 25,
789 4067 839 4147 13,
861 4067 892 4131 4.
919 4066 970 4145 26,
992 4066 1046 4150 41,
1066 4067 1096 4131 2.
1133 4060 1250 4129 Reim-

135 4167 220 4251 gabe
243 4169 332 4231 einer
354 4166 564 4231 bestimmten
586 4167 669 4230 Zahl
692 4188 757 4231 von
772 4166 929 4252 Truppen
951 4167 1039 4231 steht
1060 4169 1170 4232 immer
1188 4178 1248 4227 eum.

221 4268 315 4332 Auoh
343 4274 375 4331 in
401 4267 578 4353 folgenden
605 4266 826 4333 Ausdrt'rcken
853 4267 1027 4363 schwankt
1054 4268 1111 4333 der
1137 4259 1249 4354 Sprath·
1298 4336 1303 4345 Ι

136 4369 317 4452 gebrauch:
341 4370 409 4433 Cic.
432 4368 741 4454 1111111131
763 4368 913 4457 dixitque
936 4371 1045 4434 omnia
1065 4378 1161 4456 atque
1172 4367 1248 4430 inter·

137 4470 215 4538 dum
238 4471 335 4536 etiam
358 4472 496 4556 silentiu,
525 4493 599 4536 oum
628 4472 823 4538 auctoritate
849 4493 988 4565 semper.
1020 4473 1111 4538 Caes.
1136 4471 1164 4537 1.
1182 4489 1208 4555 g·
1227 4463 1247 4549 l,
