2850 5002
558 336 788 403 ..219-

142 514 208 557 nune
224 498 446 555 statuerenon
461 477 616 578 potuisse,
639 498 747 556 utrum
765 527 802 536 —
820 513 888 555 rom
910 512 953 553 an
974 489 1064 555 litem
1083 489 1147 553 dici
1163 510 1250 571 opor-

140 596 204 661 era
221 615 249 679 p.
269 590 361 657 Sulla
385 591 425 657 18
446 600 479 656 te
501 592 586 656 enim
602 592 754 656 existimo
769 592 831 656 tibi
847 591 1011 671 statuisse,
1034 591 1113 675 quid
1128 591 1251 656 facien-

139 694 199 761 dum
215 702 352 781 putares.
375 692 439 781 leg.
455 694 544 761 Man.
567 693 597 774 9,
620 693 662 758 26
685 692 752 778 (10,
772 693 828 778 27)
843 694 921 757 satis
938 691 1018 756 mihi
1033 690 1135 756 multe
1151 692 1253 757 verba

137 796 231 862 iecisse
249 793 383 879 uideor,
413 817 513 882 quare
535 805 622 861 esset
641 793 704 859 hoc
726 792 846 859 bellum
869 815 987 879 genere
1009 794 1081 880 ipso
1102 814 1251 858 neccssa-

137 901 211 964 rium.
247 897 345 963 Rose.
368 898 445 963 Am.
463 898 502 962 14
524 897 638 963 eodem
659 904 863 960 revertemur
886 905 918 961 et
939 916 1146 981 quaeramus,
1168 917 1252 982 quae

137 1008 206 1065 tna
228 998 307 1064 vitia
333 998 458 1066 fuerint
483 999 519 1064 in
540 998 636 1064 unico
657 998 742 1080 filio,
770 1019 870 1083 querc
893 998 921 1061 is
943 998 1032 1084 patri
1053 995 1250 1083 displiceret.
1339 1080 1353 1089 ·

94 1150 96 1157 .
137 1122 182 1187 pro
197 1100 284 1167 domo
309 1102 346 1166 11
367 1110 405 1167 ιιι
426 1123 477 1167 me
502 1140 538 1149 -
563 1100 664 1166 etiam
685 1100 807 1186 pigeat,
829 1100 940 1187 qui-
956 1121 1060 1186 neque
1082 1098 1250 1164 intellexe-

137 1202 196 1285 rim,
218 1204 332 1290 quibus
360 1213 419 1269 aut
444 1214 481 1269 ut
507 1202 630 1290 apertis
658 1201 798 1267 inimicis
826 1199 1017 1267 obsisterem
1039 1210 1095 1266 aut
1117 1211 1153 1268 ut
1175 1202 1251 1267 insi·

138 1304 215 1371 diesis
242 1304 358 1371 amieis
391 1328 456 1370 non
489 1306 666 1371 crederem.
703 1303 757 1368 fin.
785 1305 823 1386 4,
852 1304 872 1368 6
900 1325 986 1368 nune
1014 1301 1182 1367 videamus
1210 1340 1251 1351 -

138 1406 228 1493 ecquid
248 1406 381 1472 tandem
404 1406 566 1489 attulerit,
598 1427 697 1492 quum
719 1405 760 1469 ob
782 1426 851 1469 rem
872 1404 915 1469 ab
936 1406 1162 1472 inventoribus
1185 1404 1251 1469 dis-

138 1507 252 1573 entre.

200 1608 229 1675 b.
248 1609 574 1698 Haupttempora
601 1618 686 1675 trote
715 1611 771 1674 des
799 1608 1015 1674 historischen
1037 1608 1184 1675 Porfoets
1207 1610 1250 1675 im

94 1789 96 1799 Ι
138 1717 222 1775 ersten
241 1711 438 1794 Nebensatz,
459 1711 540 1777 aber
561 1710 680 1776 hbchst
702 1709 823 1776 selton:
845 1711 942 1775 Rosc.
966 1710 1059 1776 Com.
1082 1712 1103 1776 5
1123 1710 1176 1777 hic
1192 1734 1252 1796 ego

138 1810 158 1873 si
168 1810 269 1877 faciam
283 1812 383 1877 finem
394 1813 535 1897 dicendi,
558 1813 638 1879 satis
654 1834 783 1897 causeo,
806 1814 888 1879 satis
904 1814 1002 1882 etiam
1018 1812 1119 1877 iudici
1134 1813 1252 1877 fecisse

137 1910 237 1996 videar,
256 1936 315 1979 cur
329 1915 507 1981 secundum
523 1915 678 1981 Roscium
694 1914 832 1980 iudicari
848 1916 955 1980 debeat
972 1913 1161 1997 (vielloicht,
1178 1915 1250 1979 weil

113 2046 117 2057 ·
138 2008 183 2077 des
200 2012 321 2081 Urtheil
344 2025 411 2082 erst
432 2040 474 2082 zu
496 2015 655 2104 sprechen
677 2016 749 2098 ist).
793 2018 886 2083 Vorr.
909 2016 956 2099 II,
983 2019 1008 2095 l,
1031 2017 1071 2081 31
1096 2038 1168 2080 cum
1191 2016 1250 2100 igi-

138 2119 185 2197 tur,
203 2140 276 2203 quoe
303 2140 404 2183 eausa
430 2118 518 2184 illius
545 2117 705 2184 tumultus
726 2119 841 2203 fecerit,
868 2127 967 2184 testes
991 2118 1151 2200 dixerint,
1180 2120 1250 2205 ipse

139 2214 235 2303 celarit,
253 2242 361 2287 noune
383 2241 515 2285 causam
537 2220 638 2302 hanc,
666 2243 762 2308 quam
785 2223 1031 2308 proposuimus,
1059 2221 1154 2285 istius
1178 2242 1249 2308 por-

139 2324 214 2399 petua
236 2322 440 2389 taciturnitas
467 2322 660 2389 confirmat?
691 2322 769 2387 fam.
796 2324 828 2405 5,
857 2323 887 2403 8,
914 2325 928 2386 1
957 2332 1114 2408 quantum
1143 2345 1250 2387 meum

94 2418 97 2445 ²
140 2418 254 2489 sudium
283 2425 436 2491 estimet
463 2423 633 2509 dignitatis
662 2432 739 2489 tuae
764 2424 920 2505 tuendae,
948 2447 1012 2489 non
1036 2424 1149 2490 dubito
1172 2426 1251 2513 quin

139 2518 336 2591 aesomnes
359 2526 409 2591 tui
433 2525 634 2612 scripserint.
647 2566 690 2576 -
704 2528 744 2592 In
767 2526 830 2592 don
853 2526 972 2591 beiden
994 2527 1114 2592 lctztcn
1129 2526 1254 2593 Stelien

139 2638 196 2709 mg
212 2625 259 2693 die
282 2626 537 2713 Voransteliung
559 2626 617 2692 des
640 2627 863 2693 Nobensatncs
892 2629 1025 2693 zwciter
1045 2628 1165 2693 Kiasse
1187 2629 1251 2694 den

94 2791 97 2798 ,
140 2718 212 2813 (bnj.
231 2732 311 2816 peri.
333 2727 517 2795 veranlasst
539 2728 657 2795 haben.
681 2734 718 2777 4
743 2729 848 2796 Pollio
870 2754 924 2818 np.
943 2730 1012 2795 Cic.
1029 2730 1106 2794 fam.
1125 2732 1174 2813 10,
1197 2732 1249 2815 31,

138 2820 234 2896 tillut
253 2831 464 2909 vehementer
484 2831 628 2896 admiror
649 2855 715 2898 non
736 2832 906 2919 scripsisse
927 2842 961 2897 tc
975 2831 1067 2913 mihi,
1090 2832 1251 2897 manendo

139 2920 339 3015 irprovineia
365 2955 407 2997 an
435 2930 585 2998 ducendo
612 2934 792 2998 exereitum
821 2934 855 2998 in
877 2933 1006 2998 Italiam
1037 2934 1117 3019 reip.
1146 2936 1249 3018 magis

140 3027 198 3095 tntis
215 3035 319 3101 faeere
334 3036 465 3118 possim
509 3035 594 3120 (Der
615 3035 836 3127 Schreibende
863 3037 907 3100 ist
929 3033 1031 3099 selbst
1051 3032 1133 3100 rioch
1157 3036 1250 3099 zwoi·

139 3122 239 3219 ielhait,
259 3160 328 3203 was
349 3158 385 3201 er
406 3137 487 3201 thun
510 3136 596 3222 soll.)
633 3138 807 3223 Pompeius
828 3160 881 3221 ep.
898 3136 969 3202 Cic.
992 3136 1033 3200 ed
1050 3136 1120 3202 Att.
1145 3137 1175 3219 8,
1201 3138 1249 3220 12,

139 3222 313 3321 Blmiror,
335 3237 416 3326 quid
437 3259 556 3303 causae
578 3239 688 3321 fucrit,
711 3261 811 3325 quare
833 3239 1003 3304 eonsilium
1024 3242 1160 3305 erraturis
1182 3240 1251 3323 (die

139 3322 237 3419 Fulguri
257 3340 316 3405 der
338 3338 627 3425 Sinnesttnderung
648 3342 771 3405 dauern
793 3341 885 3422 fort).
918 3339 1008 3406 Aber
1031 3341 1113 3405 auch
1136 3342 1170 3404 in
1186 3342 1249 3406 No·

140 3422 288 3507 &eduen
309 3450 441 3507 erster
455 3440 577 3507 Kiasse
598 3441 725 3507 kommt
747 3444 800 3507 ein
816 3444 1059 3530 Haupttempus
1074 3442 1156 3508 nach
1174 3443 1249 3509 hist.

139 3524 242 3609 Parrus
260 3566 332 3610 vor.
355 3542 389 3608 s
412 3546 443 3625 §-
467 3544 538 3609 131.

203 3664 227 3708 e.
245 3644 579 3732 Haupttempora,
602 3668 697 3711 wenn
712 3645 772 3711 das
784 3647 914 3711 Periect
928 3646 986 3711 dos
1000 3657 1107 3713 ersten
1124 3648 1249 3715 Nehon-

141 3742 222 3809 une
240 3770 308 3811 nur
328 3746 770 3833 Praesensbedeutung
795 3747 997 3833 hinueigt:
1028 3749 1097 3814 cic.
1120 3751 1197 3815 iam.
1218 3752 1248 3830 6,

142 3828 164 3913 b
180 3840 197 3903 2
214 3846 367 3936 reliquum
389 3858 441 3913 est
462 3858 510 3931 ut,
532 3872 607 3914 oum
621 3851 789 3933 oopuorim,
812 3850 891 3936 quid
910 3860 946 3915 tu
961 3890 1003 3901 -
1016 3853 1144 3931 sentius,
1167 3850 1249 3915 nihil

142 3946 196 4005 Νι
212 3959 313 4032 petam
334 3951 400 4017 nisi
422 3960 480 4017 ctt.
505 3951 553 4032 10,
575 3952 626 4032 22,
649 3952 670 4015 2
691 3953 763 4037 quis
784 3954 882 4034 fuerit
895 3953 1139 4039 impedimento,
1163 3953 1248 4016 erbi-

143 4038 235 4150 hori,
252 4074 292 4117 cx
314 4050 430 4120 Planci
451 4051 569 4119 litteris
591 4055 795 4137 cognovisse.
823 4057 870 4139 ll,
894 4056 922 4137 7,
950 4057 960 4117 1
989 4076 1071 4141 quoe
1093 4076 1165 4118 mea
1180 4054 1249 4119 fue·

144 4142 175 4199 ¹¹²
191 4152 352 4237 sententia,
380 4176 540 4239 cognosse
562 4164 596 4219 te
617 4178 659 4221 ex
680 4156 726 4221 M.
749 4156 824 4222 Seio
853 4158 1003 4222 arbitror.
1049 4155 1133 4221 Phil.
1155 4156 1186 4237 2,
1208 4156 1250 4219 46

145 4248 347 4341 nee-intelligis
370 4258 451 4321 satis
474 4278 545 4320 esso
568 4258 648 4321 viris
671 4257 810 4322 fortibus
837 4259 996 4339 didicisse,
1025 4279 1121 4342 quam
1144 4259 1187 4321 sit
1210 4296 1247 4305 -

145 4330 212 4409 ‘⁸¹²²
231 4354 418 4441 gloriosum,
447 4366 622 4445 tyrannum
651 4359 819 4424 occidero?
867 4360 938 4422 Λιι.
969 4361 998 4440 1,
1028 4359 1121 4441 16,4
1152 4359 1249 4423 eredo

146 4438 218 4497 ¹⁹*-
234 4460 367 4539 amere,
398 4480 480 4549 quae
507 4463 727 4529 consurrectio
754 4460 898 4528 iudicum
927 4460 1014 4528 taeta
1041 4461 1093 4527 sit.
1137 4459 1249 4533 Rubir,
