2850 5002
699 297 930 362 -610-

242 447 305 512 Die
328 448 558 514 intransitiven
579 447 716 513 Verba
738 451 979 537 composita,
1009 449 1064 515 die
1087 449 1148 514 mit
1168 449 1205 513 11
1226 447 1304 514 oder
1322 451 1371 513 mit

243 547 317 612 dem
338 550 442 614 Dativ
465 549 656 616 verbunden
672 550 820 632 werden,
844 573 871 615 s.
894 551 926 616 S.
950 551 1024 633 383,
1047 551 1083 614 4:
1108 549 1213 634 illabi,
1235 548 1373 631 illudere,

242 650 421 733 imminere,
445 651 606 732 incedere,
631 651 785 735 inctdere,
815 652 1014 733 incumbere,
1037 653 1216 736 incurrere,
1238 650 1377 732 influere,

242 751 349 830 inniti,
382 749 519 833 insilire,
549 774 584 816 se
612 752 795 838 insinuare,
823 753 985 835 insistere,
1016 751 1188 836 insultare,
1218 751 1379 835 invadere,

159 861 167 873 ⁸
241 852 363 934 invehi,
393 852 550 918 involare.
582 853 702 920 'Ueber
725 854 778 919 die
801 856 1050 920 transitiven
1072 853 1185 918 Verba
1206 854 1383 940 composita

241 977 267 1018 s.
291 957 322 1036 §-
348 954 418 1037 186,
449 954 481 1018 S.
504 953 565 1019 381
590 953 634 1039 fg.
657 994 697 1004 -
721 955 805 1021 Eine
832 965 1030 1043 prtgnante,
1059 954 1286 1041 grttcisirende
1308 955 1383 1020 Ver·

241 1055 390 1140 bindung
412 1057 470 1120 ist:
493 1055 574 1121 0111
596 1078 646 1143 ap.
670 1055 755 1121 Gell.
780 1057 831 1140 10,
856 1055 1213 1140 tantummodum
1238 1059 1386 1122 surrecti-

234 1159 325 1222 ,tavit
348 1156 454 1244 (Plato
477 1157 565 1222 Prot.
588 1159 661 1243 311,
684 1181 701 1222 e
724 1154 844 1241 ἀνέστη
868 1159 915 1234 εἰς
936 1154 998 1242 τήν
1020 1155 1157 1245 αὐλήν).

327 1259 363 1345 b)
393 1260 457 1324 Die
485 1258 676 1344 Bewegung
704 1261 738 1324 11
766 1261 837 1325 eine
866 1257 1010 1344 Menge
1036 1259 1164 1343 hinein,
1203 1260 1310 1327 daher
1337 1261 1388 1327 bei

243 1360 555 1443 Volkernamen,
579 1384 674 1428 wenn
694 1363 740 1427 sie
761 1371 842 1426 statt
863 1364 950 1427 eines
966 1360 1241 1429 Lttndernamens
1259 1363 1387 1429 stehen:

242 1463 309 1528 Cic.
334 1463 411 1527 fam.
438 1464 487 1550 15,
511 1463 583 1543 9,2
613 1464 705 1528 missi
733 1465 766 1527 in
794 1464 926 1529 ultimas
955 1473 1080 1547 gentes.
1121 1464 1220 1530 Caes.
1246 1466 1279 1529 b.
1304 1487 1337 1550 g.
1360 1466 1389 1546 4,

244 1567 279 1628 11
305 1565 338 1628 11
361 1564 473 1630 Ubios.
504 1563 580 1631 Liv.
606 1568 633 1648 1,
656 1554 698 1629 60
720 1566 887 1630 exulatum
910 1565 1011 1630 Caere
1032 1567 1067 1630 in
1086 1565 1250 1630 Etruscos
1272 1567 1390 1631 ierunt.

242 1667 331 1732 Curt.
353 1667 387 1750 ὁ,
411 1667 441 1752 6,
467 1668 503 1731 11
535 1676 667 1733 ventum
694 1676 744 1732 est
773 1668 807 1730 in
834 1667 1024 1732 Mardorum
1052 1677 1197 1751 gentem.
1231 1667 1316 1755 Nep.
1342 1667 1389 1749 16,

241 1770 273 1850 4,
295 1768 316 1833 3
339 1769 372 1831 in
395 1769 522 1833 Persas.
734 1772 736 1776 ’

325 1869 402 1935 Tae.
427 1872 458 1934 b.
481 1871 511 1949 4,
534 1872 576 1936 32
602 1871 709 1937 allatis
733 1870 917 1937 Geldubam
946 1863 1116 1936 incastra
1144 1871 1285 1939 nuntiis.
1315 1893 1389 1934 ann.

240 1970 272 2053 4,
294 1971 336 2036 56
358 1973 536 2060 Zmyrnam
558 1974 591 2038 in
614 1974 798 2040 contionem
820 1973 1014 2039 nuntiatum.
1058 1971 1137 2057 Vgl.
1162 1973 1390 2056 εἰςαγγέλλειν

241 2075 289 2149 εἰς
311 2067 373 2158 τὴν
394 2073 535 2158 βουλήν.
1017 2078 1020 2088 ’
1296 2153 1300 2160 ,

325 2178 356 2260 1)
390 2176 454 2240 Die
493 2176 688 2242 aufwarts
728 2175 877 2262 gehende
909 2175 1114 2262 Bewegung:
1155 2176 1268 2242 Plaut.
1308 2177 1388 2242 Cist.

238 2279 268 2358 2,
296 2279 332 2361 3,
361 2278 401 2342 18
429 2300 559 2344 sursum
594 2281 629 2344 in
660 2278 786 2343 caelum
818 2265 996 2364 conspicis:
1034 2276 1102 2346 Cic.
1133 2277 1175 2342 de
1204 2301 1252 2343 or.
1284 2280 1321 2361 1,
1349 2280 1389 2343 53

239 2379 341 2443 filium
363 2380 398 2444 in
420 2380 571 2446 humeros
594 2401 668 2445 suos
691 2378 872 2448 extulisset.
902 2378 1001 2444 Tusc.
1026 2381 1055 2462 1,
1078 2381 1120 2444 35
1143 2402 1219 2445 cum
1242 2382 1278 2445 in
1299 2403 1387 2446 aram

239 2480 442 2566 confugisset
469 2482 537 2566 (die
565 2482 681 2547 Stufen
709 2483 766 2547 des
789 2479 926 2571 Altars).
965 2504 996 2547 n.
1026 2481 1058 2547 d.
1087 2481 1120 2564 3,
1151 2482 1192 2545 10
1223 2493 1386 2570 tamquam

239 2582 278 2647 in‘
294 2603 393 2665 aram,
416 2583 592 2669 confugitis
615 2583 786 2649 addeum.
831 2584 926 2650 Eben
949 2606 984 2649 so
1006 2582 1089 2671 Nep.
1112 2583 1143 2658 4,
1165 2584 1198 2664 4,
1222 2585 1254 2649 5.

325 2685 360 2768 (1)
388 2685 453 2750 Die
481 2684 685 2751 sinnliche
712 2686 791 2751 oder
826 2685 1003 2772 geistige
1031 2684 1202 2770 Richtung
1230 2686 1292 2750 auf
1318 2688 1386 2751 eine

240 2788 365 2852 Person
402 2788 481 2854 oder
519 2787 639 2869 Sache,
678 2787 731 2851 die
771 2787 1152 2872 Willensriehtung.
1210 2787 1287 2852 Von
1325 2788 1385 2851 den

196 2882 203 2891 ⁸
240 2889 491 2974 mannigfachen
515 2889 772 2974 Verbindungen
799 2891 882 2974 gebe
909 2889 963 2953 ich
991 2911 1052 2954 nur
1083 2888 1255 2974 folgende:
1279 2888 1384 2954 Plaut.

240 2992 359 3078 Amph.
386 2994 414 3074 1,
440 2992 499 3056 168
522 2992 557 3054 11
579 3013 630 3055 me
653 2991 855 3057 exerciturus
878 2991 1043 3077 (pugnos).
1074 2991 1150 3055 Ter.
1171 2989 1242 3055 Ad.
1265 2991 1298 3073 2,
1319 2990 1384 3071 4,ῦ

239 3116 348 3158 coram
383 3095 417 3157 in
451 3115 485 3157 os
519 3092 660 3158 laudare.
706 3093 790 3157 Eun.
819 3094 854 3174 3,
888 3096 921 3174 1,
948 3094 991 3157 25
1019 3092 1120 3158 babes
1149 3093 1325 3180 imperium
1352 3094 1383 3155 in

239 3194 373 3260 belluas.
405 3195 471 3260 Cio.
501 3195 576 3260 farn.
609 3197 659 3277 13,
692 3198 718 3278 1,
750 3196 788 3260 16
816 3196 991 3260 1111111
1013 3217 1065 3259 me
1087 3193 1297 3276 illiberalem,
1328 3192 1383 3258 sed

239 3320 289 3361 me
318 3298 351 3361 11
380 3319 414 3361 se
442 3297 660 3382 negligentem
689 3296 828 3383 putabit.
866 3297 958 3362 Verr.
980 3298 1017 3379 3,
1044 3297 1083 3362 10
1111 3298 1273 3383 praetoris
1296 3297 1382 3361 insti·

230 3409 345 3463 tutum
371 3401 405 3464 in
433 3399 537 3465 socios
564 3437 606 3446 —
633 3401 667 3462 in
695 3399 804 3462 hostes
832 3400 938 3464 victos
967 3398 1075 3462 insani
1108 3397 1254 3465 edietum
1290 3408 1382 3481 atque

240 3503 409 3588 imperium
433 3502 574 3587 tyranni.
608 3502 644 3582 4,
666 3501 707 3565 41
732 3499 951 3565 inhominem
978 3500 1187 3565 innocentem
1210 3523 1331 3567 novum
1353 3510 1382 3562 et

109 3666 111 3671 .
240 3603 406 3688 singulare
429 3603 581 3690 supplicii
603 3623 707 3688 genus
722 3604 942 3694 ¹excogitavit.
972 3601 1042 3667 Att.
1063 3601 1094 3684 2,
1110 3601 1152 3666 22
1174 3603 1264 3690 quod
1286 3641 1328 3650 —-
1349 3603 1380 3664 in

239 3703 356 3790 vulgus
379 3715 510 3791 gratum
528 3728 604 3770 esse
627 3704 796 3770 sentimus.
827 3705 899 3770 Liv.
916 3705 945 3787 1,
963 3704 1002 3768 12
1016 3704 1052 3768 in
1072 3703 1203 3769 bostem
1225 3727 1379 3792 pugnare.

237 3810 269 3890 3,
292 3808 332 3872 67
356 3810 390 3874 11
412 3831 471 3873 111
495 3807 569 3892 viri,
595 3809 630 3872 in
658 3827 716 3871 nos
744 3807 865 3881 armati
892 3807 979 3871 estis.
1016 3808 1051 3887 1,
1080 3806 1124 3870 50
1151 3807 1328 3895 imperium
1348 3808 1380 3869 in

204 3975 206 3978 ,
237 3911 382 3986 Latinos.
413 3911 443 3994 3,
465 3912 506 3974 53
529 3908 691 3973 dominari
711 3909 746 3973 in
769 3907 984 3973 adversarios.
1023 3911 1051 3989 1,
1080 3907 1123 3973 28
1151 3909 1379 3974 documentum

238 4013 315 4077 dare
338 4014 371 4076 in
394 4034 491 4100 quem
520 4015 574 4094 (11
597 4010 739 4076 Jemand
763 4012 815 4075 ein
836 4009 997 4096 Exempel
1020 4010 1206 4095 statuiren).
1237 4010 1328 4077 Curt.
1350 4012 1378 4092 8,

239 4116 266 4195 7,
298 4118 312 4179 1
342 4116 377 4179 11
405 4114 568 4200 mancipia
596 4113 767 4178 dominari.
803 4112 880 4178 Tac.
909 4135 985 4177 ann.
1016 4113 1053 4176 11
1060 4159 1070 4194 ,
1098 4112 1142 4177 24
1170 4114 1320 4179 advenae
1346 4115 1378 4177 in

238 4239 296 4281 nos
324 4225 553 4302 regnaverunt.
599 4215 655 4297 (So
682 4238 745 4280 nur
771 4213 856 4279 noch
880 4215 974 4282 Lact.
1005 4215 1081 4302 epit.
1110 4214 1159 4280 13.
1186 4216 1250 4300 14).
1289 4215 1377 4299 12,6

238 4321 273 4382 11
294 4320 432 4385 fratrum
454 4319 539 4384 filias
562 4320 712 4404 coniugia
736 4315 806 4399 (dre.
831 4318 903 4402 eto.)
949 4317 1022 4383 Von
1044 4317 1190 4385 Verbis
1215 4317 1377 4384 dicendi

237 4422 420 4508 abhangig:
444 4423 549 4487 Plaut.
573 4422 671 4489 Most.
693 4420 757 4487 239
785 4422 813 4484 si
842 4421 922 4508 quid
949 4431 984 4487 tu
1012 4424 1046 4486 in
1069 4421 1160 4486 illum
1184 4421 1268 4488 bene
1292 4419 1375 4487 voles
