2850 5002
592 375 823 439 -166-

140 525 335 606 ἐπεισόδου,
364 525 406 592 dv
431 524 502 612 μήτ’
526 517 680 613 ὀκνεῖτε).
726 527 791 591 Ad.
815 529 846 605 5,
867 529 899 610 4,
921 527 962 590 27
985 526 1020 591 id
1042 549 1115 590 mea
1137 526 1231 588 minur

113 651 174 717 ⁸re
197 628 275 712 fert,
306 631 362 716 qui
391 651 462 695 sum
490 638 568 694 natu
597 651 779 693 mansimus.
801 666 843 676 —
865 631 991 693 Ausser
1013 627 1077 693 den
1098 627 1231 692 Komike

101 805 103 810 ‚
139 730 222 795 auch
245 732 342 797 Cato
365 755 391 796 r.
415 755 441 796 r.
463 754 492 796 c.
517 732 556 795 16
579 730 728 795 dominus
752 728 903 815 lapidem,
927 729 1017 814 ligna
1038 728 1081 793 ad
1103 729 1230 793 fornace

139 833 225 918 quod
248 854 328 919 opus
352 834 424 916 siet,
447 833 592 919 praebet.
1173 896 1175 901 .

224 935 374 1010 Cicero
394 936 449 1000 hat
472 935 563 1000 diese
586 934 817 1001 Construction
839 932 962 1001 sowohl
991 934 1045 999 bei
1068 934 1231 997 Demonstr

138 1038 216 1102 tivis
239 1038 287 1102 als
310 1038 393 1101 auch
414 1037 469 1102 bei
491 1036 669 1102 Relativis:
698 1036 796 1101 Tusc.
822 1038 850 1119 l,
873 1035 915 1099 24
937 1057 1032 1121 quam
1056 1036 1155 1118 vitis,
1182 1055 1231 1120 qur

138 1140 281 1221 arboris;
298 1138 377 1203 haec
389 1140 475 1202 enim
488 1139 586 1203 etiam
599 1138 736 1203 dicimus
746 1139 856 1202 vivere
869 1135 1116 1223 („dergleichen
1122 1137 1231 1219 Dioge*

138 1242 168 1322 2,
197 1240 217 1304 3
245 1250 282 1304 ut
309 1239 478 1304 Platonem
505 1239 711 1326 reliquosque
739 1239 921 1305 Socraticos
951 1238 1129 1325 —legunt
1156 1258 1231 1300 omui

139 1343 238 1406 etiam
265 1341 321 1426 qui
349 1338 406 1404 illa
433 1379 474 1389 —
496 1363 561 1405 non
588 1340 772 1427 approbant
799 1342 835 1424 (i.
865 1362 893 1404 e.
921 1339 978 1404 illa
1006 1361 1090 1425 quae
1112 1341 1146 1403 in
1168 1359 1231 1402 eort

138 1441 231 1507 libris
254 1443 386 1522 insunt).
408 1442 440 1525 2,
463 1442 504 1505 26
525 1441 607 1507 haec
631 1441 700 1525 (auf
717 1438 889 1508 honores
917 1441 1086 1526 benogen).
1120 1441 1150 1524 3,
1171 1442 1192 1503 4
1212 1438 1231 1502 f«

138 1545 288 1626 midines,
312 1543 477 1625 libidines,
492 1543 703 1608 iracundiae?
726 1544 805 1608 haec
820 1545 906 1608 enim
922 1543 990 1607 fere
1005 1551 1081 1606 sunt
1095 1543 1165 1606 eius
1180 1562 1231 1604 mo

138 1648 220 1731 quae
242 1654 299 1709 ctt.
329 1644 435 1730 Sogar
456 1644 489 1707 in
506 1644 693 1710 demselben
709 1646 821 1710 Sotae:
845 1645 912 1710 div.
938 1647 966 1727 1,
989 1645 1031 1709 53
1047 1665 1156 1709 earum
1172 1663 1231 1705 reu

138 1755 310 1832 utrumque
332 1769 352 1810 a
373 1747 471 1811 corde
492 1746 719 1832 proficiscitur.
736 1785 776 1794 -
792 1745 902 1812 Selten
924 1745 1106 1830 gebraucht
1120 1766 1156 1808 er
1169 1765 1203 1808 so
1217 1741 1231 1805 d

137 1848 302 1912 Relativ
324 1849 368 1912 im
384 1847 560 1911 Neutrum:
584 1847 696 1911 defin.
719 1848 751 1929 5,
775 1848 814 1911 21
838 1848 970 1913 virtutis
993 1847 1079 1910 enim
1101 1846 1231 1930 beataeq

138 1950 237 2032 vitae,
260 1970 343 2035 quae
365 1948 429 2014 duo
452 1950 594 2014 maxime
615 1948 801 2036 expetenda
823 1959 908 2031 sunt,
932 1949 1036 2013 serius
1053 1948 1162 2013 lumen
1181 1968 1231 2032 ap}

137 2062 196 2116 ret.
215 2074 251 2118 n.
274 2051 305 2115 d.
329 2051 359 2131 3,
382 2051 425 2114 24
446 2051 609 2115 fortunam
632 2072 725 2114 nemo
749 2050 791 2115 ab
814 2051 1034 2117 inconstantia
1049 2060 1081 2115 et
1096 2049 1231 2114 temerita

138 2153 302 2237 seiunget,
334 2174 418 2237 quae
450 2151 550 2236 digna
578 2161 665 2217 certe
687 2175 753 2217 uon
781 2162 858 2218 sunt
880 2153 951 2217 deo.
987 2151 1030 2216 ad
1052 2151 1130 2216 fam.
1152 2151 1184 2233 2,
1206 2149 1231 2231 8,

137 2252 340 2318 sermonibus
363 2274 509 2338 -quae
537 2275 597 2316 nec
623 2263 761 2340 possunt
788 2254 975 2318 scribtum
998 2252 1172 2319 scribenda
1192 2273 1231 2314 su

138 2352 300 2419 Aehnlich
328 2353 382 2417 die
404 2354 623 2440 Conjunction
653 2377 729 2437 quo:
762 2355 856 2420 Verr.
879 2356 911 2438 4,
936 2356 975 2419 18
998 2354 1164 2420 Diodorus
1191 2374 1231 2438 ap

138 2477 208 2538 eos,
235 2477 298 2541 quo
321 2457 375 2536 (ε,
389 2455 432 2518 ad
455 2457 550 2541 quos)
577 2478 612 2520 se
640 2457 792 2540 contulit,
823 2455 1014 2543 splendidus
1043 2465 1076 2520 et
1102 2456 1231 2540 gratioe·

138 2555 213 2620 Wie
235 2554 289 2619 die
310 2556 481 2639 Komiker,
505 2557 635 2639 beaieht
657 2580 692 2622 er
715 2558 772 2622 das
789 2557 954 2623 Mascul.
978 2557 1036 2622 des
1059 2557 1231 2623 Relativsa

137 2655 321 2722 neutrale
344 2656 573 2722 Substantiva:
598 2652 692 2723 Verr.
715 2658 746 2743 2,
769 2659 811 2723 32
827 2660 914 2745 quod
934 2681 1077 2746 unquam
1092 2659 1231 2723 huiusm

137 2767 318 2823 monstrum
344 2766 400 2822 aut
428 2758 612 2845 prodigium
641 2759 827 2824 audivimus
857 2773 913 2825 aut
935 2761 1094 2843 vidimus,
1126 2760 1181 2846 qui
1204 2780 1231 2822 cr

136 2881 192 2924 reo
214 2859 386 2944 transigat,
410 2869 578 2945 postcum
600 2871 787 2926 accusatore
810 2860 964 2927 decidat?
985 2885 1017 2945 p.
1042 2861 1126 2927 Sest.
1152 2862 1188 2924 li
1211 2858 1231 2923 d

136 2961 320 3047 importuna
346 2959 512 3046 prodigia,
547 2984 628 3048 quos
656 2972 784 3047 egestas
815 2965 858 3045 (es
887 2963 972 3047 fulge
999 2963 1082 3028 noch
1111 2961 1183 3026 drei
1208 2961 1231 3024 lt

136 3062 225 3147 quos)
249 3062 431 3128 addixerat.
477 3062 588 3127 Etwas
612 3062 821 3128 abweichcnd
850 3063 955 3132 Cael.
977 3085 1030 3151 ap.
1054 3062 1122 3127 Oic.
1145 3062 1220 3128 fam.

136 3165 166 3244 4,
190 3163 265 3226 21η
287 3163 450 3230 evitandis
472 3165 513 3228 iis
538 3166 591 3246 (st.
608 3166 734 3249 eorum)
757 3163 912 3246 consiliio,
936 3166 990 3251 qui
1013 3187 1048 3229 se
1070 3164 1231 3229 intendere

135 3264 352 3329 adversarios.
390 3264 452 3328 Mit
468 3262 613 3329 Unreeht
635 3265 679 3329 ist
699 3264 835 3329 letztere
850 3265 950 3329 Stelle
964 3265 1183 3330 beanstandet
1196 3289 1227 3329 w

137 3365 217 3449 den3
246 3366 294 3429 sie
317 3365 496 3452 entspricht
518 3366 577 3430 der
599 3364 937 3450 Relativverbindung
965 3366 1025 3430 mit
1046 3387 1083 3431 eu
1105 3353 1139 3431 eo
1158 3386 1231 3449 pone

136 3488 174 3531 ea
195 3489 228 3532 eo
250 3487 390 3549 uomere,
414 3465 536 3531 welche
559 3470 588 3547 §-
615 3467 676 3531 100
697 3489 754 3530 aus
778 3464 892 3531 Cicero
915 3467 1090 3552 augefiihrt
1111 3468 1165 3532 ist.

221 3568 332 3632 Caes.
356 3567 388 3632 b.
410 3590 442 3653 g.
467 3570 495 3649 1,
517 3569 571 3650 44,
593 3568 806 3633 bamicitiam
822 3568 933 3654 populi
949 3569 1088 3633 Romani
1104 3569 1169 3634 sibi
1184 3588 1231 3633 or]

138 3678 245 3734 mento
267 3709 308 3716 —
331 3692 401 3733 esse
423 3678 583 3756 oportere,
606 3669 704 3755 idque
727 3691 762 3733 se
785 3654 823 3733 ea
844 3691 903 3755 spe
918 3670 1041 3755 petisse
1063 3671 1121 3755 (ist
1143 3665 1231 3734 oliae

137 3768 195 3834 des
218 3771 339 3834 Cacsar
361 3770 426 3834 und
451 3773 540 3835 nicht
563 3769 901 3855 zuentschuldigcu).

222 3870 313 3935 Sall.
345 3870 416 3935 Cat.
444 3874 464 3936 3
500 3872 639 3936 audacia
667 3871 797 3957 largitio
828 3872 968 3936 avaritia
996 3872 1162 3957 vigebant.
1193 3895 1231 3959 qr

136 3972 265 4037 tametsi
286 3973 412 4036 animus
434 3974 682 4060 aspernabatur.
705 3973 746 4037 56
768 3973 893 4037 interea
914 3973 1049 4038 servitia
1070 3974 1231 4060 repudiat]

136 4074 227 4137 cuius
256 4074 350 4137 initio
383 4073 425 4137 ad
447 4096 521 4138 eum
543 4095 680 4160 magnae
709 4074 820 4159 copiae
843 4075 1090 4140 concurrebant.
1134 4076 1211 4160 Jug.

136 4175 339 4240 abundantia
366 4195 478 4238 earum
506 4196 630 4257 rerum,
658 4196 741 4261 quae
769 4177 873 4262 prima
889 4174 1051 4254 ,mortales
1080 4177 1212 4243 ducunt.

136 4297 209 4340 cum
236 4297 355 4359 magno
384 4277 529 4360 equitatu
557 4277 591 4339 in
620 4285 729 4340 eastra
750 4278 852 4358 venit,
878 4277 966 4362 quod
990 4276 1076 4361 (cod.
1099 4278 1212 4362 Paris,

136 4379 244 4462 quos).
271 4377 331 4441 100
352 4377 508 4459 futurum,
533 4398 615 4463 quae
637 4379 865 4464 imperavisset
887 4378 962 4461 (soll
978 4378 1192 4445 archaistisch
1206 4401 1231 4443 s·

20 4514 22 4523 ·
136 4485 217 4541 statt
242 4479 325 4562 fore,
356 4480 437 4542 nach
462 4477 547 4544 Gall.
581 4481 606 4558 l,
636 4480 677 4560 7).
706 4477 800 4577 lrgm.
823 4480 853 4562 3,
877 4480 928 4564 81,
953 4466 993 4546 '15
1019 4479 1132 4547 virilia
1158 4479 1213 4546 illa
