2850 5002
589 118 737 184 -388
783 156 821 167 -

134 272 252 338 keiner
279 272 387 337 fasten
414 271 515 336 Norm
543 273 600 337 dee
630 270 843 354 Gebrauelrea
872 270 1014 356 bringen
1033 270 1176 354 kunnan,
1197 264 1277 336 und

133 374 217 440 aueh
245 375 280 438 in
308 373 422 438 diesen
445 370 699 458 Verbindungen
726 371 809 437 wird
837 370 896 436 der
917 372 1023 437 Dativ
1050 370 1189 458 bauliger
1210 370 1274 438 bei

134 474 296 541 Dichtern
332 475 399 540 und
436 472 728 539 naehklassischen
763 473 975 541 Prosaikern.
1012 511 1050 522 -
1082 474 1273 559 Angeeiehts

134 578 241 642 dieses
274 575 541 643 schwankenden
571 575 756 641 Zustandes
784 583 918 641 miissen
950 576 1012 640 wir
1039 574 1110 640 bier
1136 576 1189 640 auf
1209 576 1269 640 (las

137 679 276 746 Streben
303 679 386 743 nach
421 677 655 744 lexikaliseher
682 676 967 764 Vollsundigkeit
998 677 1184 743 veraielrten
1203 679 1268 743 und

135 803 198 847 uns
225 780 346 845 darauf
372 778 618 864 besahrttnken,
648 780 707 844 das
734 779 820 891 qben
847 780 993 865 Gesagte
1020 778 1125 844 durch
1153 780 1265 867 wenige

135 882 345 948 Thateaehen
368 905 410 946 zu
433 881 608 946 erlautern.

223 987 251 1050 1.
279 982 536 1048 Raumliehes
570 981 849 1065 Verbaltniss,
883 983 985 1047 durch
1025 982 1259 1068 Wiederholung

136 1086 194 1151 der
215 1086 424 1202 Prtpqsition
452 1084 653 1150 bezeichnet
698 1082 805 1149 Plaut.
832 1033 926 1149 lisia,
957 1087 986 1166 1,
1009 1085 1040 1166 3,
1071 1085 1112 1149 l8
1141 1085 1167 1149 si
1192 1085 1254 1152 aliu

135 1189 180 1252 ad
203 1210 253 1252 me
276 1187 367 1273 prius
396 1186 543 1251 attulerit
566 1186 699 1272 (viginti
730 1187 860 1269 minua.)
883 1185 942 1251 Oia
964 1187 1030 1270 leg.
1052 1185 1165 1250 Manil.
1184 1186 1252 1268 alt
1279 1268 1282 1273 Ι

135 1289 303 1354 calamitae
325 1298 418 1354 tanta
439 1288 511 1373 fuit,
533 1298 572 1353 ut
593 1308 667 1352 eam
683 1290 728 1353 ad
741 1309 837 1353 aures
858 1285 1049 1352 Luculli-
1062 1288 1248 1354 rumor-aller·

135 1401 195 1455 ret.
212 1388 289 1455 fam.
302 1390 334 1471 2,
353 1391 393 1454 14
409 1401 542 1478 propter
560 1391 676 1454 hiemis
692 1389 953 1476 magnitudinem
969 1388 1052 1453 nihil
1069 1391 1152 1458 novi¹
1162 1392 1246 1457 udnu

134 1493 339 1558 afferebatur.
357 1493 430 1557 Liv.
443 1493 495 1574 25,
508 1492 551 1557 40
562 1491 651 1580 quod
664 1493 722 1557 ubi
733 1490 894 1580 perlatum
902 1493 948 1558 ad
954 1489 1146 1557 Marcellum
1154 1491 1244 1575 eutii,

135 1596 178 1659 40
199 1617 273 1660 eum
295 1593 417 1659 clamor
438 1596 483 1660 ud
503 1616 598 1659 auree
620 1593 804 1660 accidisset.
835 1593 889 1658 Da
911 1615 979 1658 nun
1002 1592 1083 1658 aber
1105 1593 1244 1682 derjeuige,

137 1696 211 1760 dem
233 1707 333 1762 etwas
355 1695 520 1781 gemeldet
541 1697 639 1779 wird,
662 1697 744 1760 auch
767 1695 951 1784 perstnlieh
973 1684 1147 1781 betbeiligt
1164 1695 1208 1779 iat,
1223 1715 1258 1775 ιιΙ

137 1799 224 1864 steht
250 1799 285 1861 in
315 1797 501 1862 demaelben
525 1797 626 1863 Sinna
654 1798 714 1862 der
735 1797 854 1864 Dalm:
882 1796 956 1860 Ter.
981 1794 1114 1862 Pborm.
1141 1797 1169 1880 3,
1192 1794 1244 1877 23

135 1899 293 1982 mirabar,
323 1901 352 1963 si
378 1909 414 1964 tu
441 1901 521 1965 milri
551 1899 729 1987 quidquam
756 1899 889 1964 afferres
917 1898 1007 1963 novi.
1051 1897 1132 1964 Heu.
1153 1898 1180 1981 5,
1197 1898 1243 1985 4‚1

70 2066 73 2071 ,
137 2002 214 2066 vide
240 2038 273 2049 -
298 2011 336 2066 ut
358 2004 403 2066 mi
432 2001 513 2067 haee
541 2011 632 2066 certa
660 2010 692 2065 et
719 1999 809 2066 clara
836 1998 996 2065 attuleris.
1022 1999 1090 2066 cio.
1113 2000 1162 2068 off.
1182 1997 1244 2081 tul

41 2164 50 2181 ,
136 2104 214 2168 siai
240 2103 408 2169 —subito
437 2104 480 2167 sit
506 2102 642 2168 allatum
671 2102 853 2190 perieulum
883 2101 1134 2190 discrimenque.
1143 2101 1243 2190 patriae.

136 2243 178 2279 -,-
200 2206 240 2270 In
268 2205 327 2268 der
352 2205 553 2270 rtumlichen
582 2204 778 2289 Bedeutung
804 2205 863 2288 „in
890 2213 1010 2288 etwas,
1039 2205 1077 2268 in
1108 2205 1174 2269 eine
1190 2200 1244 2267 Ve-

137 2306 320 2392 sammlung
343 2307 504 2392 bringen“
528 2306 614 2372 steht
629 2307 682 2371 die
695 2307 828 2393 Prtpos,
851 2307 889 2371 iu
909 2306 970 2370 mit
990 2306 1067 2372 dem
1088 2304 1244 2383 Aecumtiu

138 2410 251 2475 sabei
274 2410 406 2474 Cicero:
428 2409 544 2474 afferre
572 2408 606 2472 in
633 2407 806 2490 iudicium,
836 2408 870 2472 in
892 2408 1014 2474 Rostra
1035 2416 1133 2496 atque
1151 2408 1181 2473 iu
1198 2426 1244 2470 ιιι·

136 2512 267 2593 tionem,
283 2512 317 2574 in
332 2531 404 2574 eam
418 2510 578 2575 familiam
594 2509 704 2575 attulit
719 2511 933 2591 consulatum,
949 2510 984 2574 in
998 2509 1142 2576 medium
1153 2508 1243 2575 aliem·

219 2613 249 2676 2.
278 2610 541 2697 Uebertragenea
571 2610 778 2678 Verhtltniss
806 2611 863 2675 der
891 2611 1176 2699 perstnlichen
1197 2608 1245 2673 Be·

135 2713 369 2799 theiligung
397 2714 464 2778 des
487 2713 813 2798 Dativobjeetee.
858 2711 965 2779 Plaut.
995 2716 1090 2782 Asin.
1117 2714 1148 2796 3,
1174 2705 1244 2795 1,29

136 2815 262 2881 salvere
283 2838 335 2881 me
357 2816 464 2898 iubes,
493 2817 546 2880 aui
573 2826 609 2881 tu
637 2816 749 2880 abiens
776 2814 873 2879 affers
895 2814 1058 2880 morbum.
1102 2815 1167 2880 Oia.
1184 2808 1243 2877 ul·

136 2918 167 2999 2,
190 2918 210 2982 3
232 2916 352 2983 multas
367 2919 432 3005 ipsi
450 2917 589 2983 Claudio
612 2917 773 3000 lacrimas,
795 2939 949 3003 magnam
963 2917 1087 3005 populo
1102 2916 1138 2985 R.
1152 2913 1244 2980 cladem

135 3017 257 3084 attulit.
282 3043 310 3106 p.
335 3020 464 3085 Cluent.
487 3020 529 3084 60
555 3029 593 3084 ut
615 3042 655 3084 ne
677 3022 730 3086 eui
757 3019 920 3085 innoeenti
949 3039 1079 3083 maeror
1100 3029 1170 3084 tuus
1189 3011 1245 3082 ull·

137 3121 285 3186 mitatem
308 3130 340 3185 et
360 3120 479 3185 falsum
503 3121 625 3186 crimen
648 3122 788 3186 afferret.
832 3119 876 3185 So
904 3129 979 3206 aagt
1009 3119 1141 3186 Cicero:
1166 3119 1247 3183 afferre

137 3224 235 3287 auaui
256 3246 404 3308 caueam,
434 3246 489 3289 aes
510 3223 667 3306 alienum,
688 3245 826 3311 pacem,
855 3221 1144 3309 tranquillitatem,
1169 3220 1247 3293 oum,

138 3325 353 3405 concordiam,
376 3349 499 3408 manus,
528 3327 607 3408 vim,
631 3334 777 3407 mortem,
800 3325 980 3407 interitum,
1003 3347 1128 3409 necem,
1149 3332 1248 3412 prum

136 3428 323 3512 perniciem,
347 3428 542 3514 perieulum,
571 3428 680 3508 finem,
708 3427 864 3510 laborem,
893 3435 1075 3511 egestatem
1097 3437 1129 3493 et
1149 3427 1248 3494 luetur,

112 3551 308 3614 -angorem,
341 3530 552 3595 acerbitatem
580 3554 611 3595 u.
640 3528 708 3615 dgl.
737 3552 777 3594 m.
821 3529 861 3594 In
888 3528 976 3593 allen
1002 3528 1117 3595 diesen
1144 3524 1250 3593 Verbin-

138 3631 270 3716 dungen
292 3630 379 3695 steht
393 3631 483 3696 nieht
505 3631 576 3696 eine
598 3632 817 3719 Prapositiom
841 3631 985 3697 eundern
1006 3653 1071 3695 nur
1092 3631 1148 3696 der
1167 3625 1250 3694 Duria

137 3731 425 3798 Ausnahmsweise
442 3734 565 3821 jedoeh
587 3735 670 3802 wird

40 3871 44 3879 ·
127 3884 130 3889 -
222 3836 254 3900 3.
288 3835 354 3899 die
386 3835 650 3921 persinliche
680 3835 976 3922 Betheiligung
1008 3824 1253 3923 ignorirtuul

138 3936 193 4001 die
214 3935 395 4002 raumliehe
409 3937 577 4023 Richtung
599 3937 658 4003 der
673 3938 878 4023 l'ha'tigkeit
891 3937 991 4004 allein
1012 3933 1253 4016 beriteksiuhtigt

138 4040 201 4104 wie
228 4063 258 4104 z.
281 4040 358 4104 Β.
348 4062 384 4103 ιιι
411 4039 542 4124 einigen
569 4039 691 4106 Stellen
719 4050 814 4106 unter
842 4041 899 4106 Νι.
931 4043 959 4106 1.
988 4022 1185 4115 Auaaerdem
1203 4034 1254 4101 rer

138 4140 220 4203 Hea.
253 4145 280 4223 1,
309 4142 345 4221 2,
372 4142 450 4206 33
436 4162 472 4206 aa
494 4141 592 4206 fidem
620 4142 832 4208 committere.
865 4143 952 4210 Liv.
981 4142 1015 4227 3,
1044 4142 1088 4207 20
1108 4135 1253 4208 ansulam

140 4240 240 4305 officii
262 4252 386 4329 partem
408 4245 452 4308 ad
473 4265 508 4308 se
530 4243 731 4309 vindicabat.
761 4246 798 4329 9,
825 4244 869 4310 43
896 4244 939 4310 ad
961 4266 997 4310 ae
1018 4243 1098 4310 belli
1119 4241 1255 4310 vindicare
