2850 5002
606 288 817 351 ..60-

136 455 340 539 tempestiva,
378 477 449 520 cum
491 477 599 520 semen
644 478 734 520 suum
768 459 928 520 maturum
961 456 1030 520 erit.
1066 457 1106 521 37
1142 456 1216 521 vitis

134 577 243 620 maora
269 556 345 639 erit,
373 560 534 621 sarmenta
563 579 620 621 sua
641 557 810 622 concidito.
837 558 895 622 157
918 578 1021 641 neque
1043 557 1126 622 ullus
1149 557 1231 622 mort

135 657 241 722 veniet
275 657 337 720 uisi
366 679 422 721 sua
450 656 552 741 culpa.
584 657 686 724 Plaut.
717 657 782 722 mil.
811 660 841 742 2,
870 659 899 742 2,
928 659 969 723 33
997 661 1034 723 ut
1061 678 1133 722 eum
1162 658 1217 744 qui

135 759 189 822 hio
210 758 306 841 vidit,
335 757 439 822 verbis
466 759 573 823 vincat
595 780 636 823 ne
657 759 685 823 is
707 781 741 823 se
763 758 886 824 viderit.
910 781 1007 824 mero.
1030 759 1061 838 2,
1087 760 1115 842 1,
1140 759 1180 822 14
1202 758 1231 822 di

136 880 281 943 capram,
311 881 404 943 quam
432 859 580 924 dederam
609 860 796 925 servandam
824 860 901 943 sibi,
930 882 1004 924 suae
1033 859 1141 924 uxoris
1174 859 1231 924 dot

136 959 363 1024 ambededisse.
414 960 509 1025 Poen.
536 960 568 1043 5,
600 963 628 1043 1,
656 962 698 1026 23
733 983 805 1026 eum
832 961 946 1026 fecisse
974 960 1080 1041 aiunt,
1107 961 1171 1026 sibi
1189 983 1231 1053 ‚qt

135 1060 321 1126 faciundum
342 1056 415 1126 fuit.
439 1061 525 1126 Pers.
547 1062 578 1146 4,
601 1062 669 1145 3,3
690 1062 737 1126 ita
759 1083 828 1126 mea
850 1063 966 1127 ancilla
988 1082 1068 1147 quas
1091 1061 1154 1126 fuit
1175 1060 1231 1126 hoc

137 1185 193 1226 sua
215 1184 301 1228 nunc
323 1164 380 1226 est

153 1337 156 1341 ⁴
223 1263 299 1328 Cic.
334 1263 427 1329 Verr.
459 1264 499 1347 5,·
521 1265 564 1329 49
592 1263 682 1330 Dexo
713 1264 782 1344 hic,
815 1286 909 1348 quem
939 1263 1069 1348 videtis,
1103 1285 1172 1329 non
1199 1286 1231 1348 qr

137 1365 264 1449 publice
286 1365 477 1449 Tyndaride,
506 1386 571 1429 non
599 1387 679 1448 quae
700 1366 851 1451 privatim
873 1365 934 1429 sibi
958 1363 1112 1449 eripuisti,
1135 1365 1190 1429 sed
1211 1388 1231 1428 u

139 1489 211 1532 cum
233 1467 329 1531 miser
351 1465 408 1530 abs
429 1469 462 1531 te
483 1467 584 1532 filium
608 1506 645 1514 —
669 1467 802 1552 flagitat.
827 1467 865 1531 de
887 1466 952 1530 inv.
976 1469 1006 1549 1,
1028 1465 1070 1530 33
1084 1463 1231 1548 Epamin·

138 1568 194 1631 das
228 1569 256 1633 ei
288 1568 342 1651 qui
373 1567 434 1631 sibi
450 1589 500 1656 ‘ex
522 1568 593 1653 lege
620 1571 749 1653 praetor
777 1570 985 1652 successerat,
1014 1566 1188 1631 exercitum
1214 1589 1231 1630 r

140 1668 282 1734 tradidit.
310 1669 341 1752 2,
369 1668 390 1732 2
420 1669 474 1753 qui
504 1672 578 1734 ante
607 1691 640 1733 se
668 1671 805 1738 fuerant.
834 1669 872 1734 de
900 1668 962 1733 div.
992 1670 1020 1748 1,
1048 1667 1090 1732 54
1118 1689 1231 1752 quaes

139 1769 338 1834 videbantur.
368 1770 422 1834 fin.
450 1769 481 1854 2,
511 1772 553 1837 30
580 1771 663 1854 quod
691 1771 752 1836 sibi
780 1771 915 1835 videtur.
938 1771 1007 1834 Att.
1029 1769 1061 1852 2,
1085 1769 1103 1843 7
1131 1769 1215 1854 quod

140 1872 240 1936 fratre
269 1892 326 1935 suo
353 1871 554 1955 respondisti.
586 1873 618 1956 6,
640 1872 683 1937 25
710 1894 789 1957 quae
816 1872 1023 1956 magistratus
1052 1870 1101 1934 sui
1128 1870 1231 1934 fecera

140 1973 235 2038 Rosc.
266 1975 339 2036 Am.
369 1972 389 2036 2
423 1972 508 2038 huno
540 1973 601 2037 sibi
636 1996 673 2037 ex
702 1974 808 2038 animo
837 1971 1036 2057 scrupulum,
1069 1971 1125 2054 qui
1153 1993 1186 2036 se
1213 1970 1231 2034 d

138 2079 311 2158 noctesque
345 2074 491 2138 stimulat
523 2096 559 2140 ac
586 2075 717 2159 pungit,
749 2078 785 2140 nt
812 2074 971 2157 evelletis,
1006 2072 1149 2157 postulat
1177 2076 1211 2136 ut

87 2238 90 2243 ⁴
138 2175 364 2260 profiteamini.
388 2175 438 2239 ad.
463 2175 520 2250 ou.
544 2175 582 2240 fr.
605 2177 636 2258 3,
663 2180 691 2259 1,
716 2176 745 2259 7,
768 2177 809 2241 23
837 2179 962 2241 etcum
985 2173 1139 2239 adillum
1162 2172 1231 2239 scri'

55 2348 60 2355 ,
139 2276 221 2340 nihil
248 2278 281 2340 te
309 2275 467 2340 recordari
495 2275 534 2339 de
562 2297 596 2340 se
624 2277 689 2362 (wo
718 2277 769 2341 die
797 2277 913 2341 beiden
941 2276 1059 2340 letaten
1081 2275 1231 2340 Wortes

140 2376 258 2442 Schotz
280 2375 473 2464 gastriohen,
495 2399 560 2441 von
581 2376 690 2442 Baiter
712 2401 742 2442 u.
766 2378 887 2462 Kayser
908 2376 992 2443 noch
1015 2377 1231 2462 eingeklamm

140 2478 212 2542 sind
243 2517 280 2526 -
309 2479 369 2542 mit
395 2476 563 2564 Unrecht).
608 2478 670 2543 Mit
691 2479 794 2544 Recht
822 2478 967 2543 bemerkt
994 2477 1091 2543 Halm
1119 2501 1157 2542 zu
1185 2478 1231 2543 Ro

49 2577 52 2583 ’
141 2581 213 2643 Am.
229 2579 258 2660 2,
283 2578 356 2644 dass
378 2578 484 2644 solche
500 2576 622 2644 Stellen
643 2579 711 2645 sich
733 2578 823 2644 mehr
845 2580 879 2643 in
901 2580 962 2645 den
984 2580 1106 2644 iiltercn
1120 2577 1231 2645 schrin

141 2681 197 2745 des
232 2680 342 2746 Cicero
374 2681 492 2746 finden.
537 2681 578 2745 In
611 2681 673 2745 den
700 2680 843 2745 Werken
877 2682 981 2745 seines
1014 2682 1133 2746 letzten
1160 2680 1231 2745 Deo

140 2782 263 2858 niums‚
287 2783 389 2846 aumal
411 2783 446 2846 in
468 2782 529 2847 den
552 2780 845 2867 philosophisohen,
868 2782 939 2848 sind
962 2783 1007 2847 sie
1028 2782 1145 2848 h6ohst
1167 2782 1231 2847 selt

225 2883 331 2949 Caes.
361 2884 391 2948 b.
422 2906 449 2949 c.
479 2885 510 2967 3,
538 2884 579 2949 53
608 2906 702 2968 quem
725 2883 855 2968 Caesar,
883 2887 919 2948 ut
941 2887 1010 2948 erat
1031 2884 1069 2949 de
1091 2905 1125 2948 se
1149 2883 1227 2974 meri

139 3022 181 3033 —
209 2984 248 3047 ad
282 2985 479 3071 primipilum
512 3006 545 3048 se
579 2984 745 3051 traducere
772 2985 1002 3071 pronuntiavit.
1051 2985 1158 3050 Ueber
1186 2986 1216 3048 b.

139 3087 170 3170 6,
194 3086 215 3149 9
236 3086 302 3171 vgl.
327 3090 357 3168 §-
379 3086 421 3151 28
443 3085 475 3149 h.

225 3186 318 3252 Sall.
348 3187 424 3271 Jug.
451 3187 490 3251 61
515 3188 550 3251 in
572 3187 617 3252 eis
639 3188 781 3273 urbibus,
810 3210 890 3272 quae
912 3189 953 3252 ad
975 3211 1008 3253 se
1031 3188 1213 3253 defecerant

141 3286 301 3372 praesidia
328 3287 474 3371 imponit.
504 3288 545 3352 66
566 3288 728 3374 Jugurtha
758 3329 795 3337 —
826 3289 980 3373 civitates,
1009 3310 1089 3372 quae
1112 3290 1207 3353 adse

140 3389 283 3452 fecerant
315 3391 369 3453 ott.
401 3389 460 3454 103
489 3390 679 3475 reputando,
708 3413 789 3475 quae
807 3390 889 3454 0sibi
918 3390 1041 3454 duobus
1071 3390 1201 3473 proeliis

141 3492 267 3554 nerant.
296 3490 337 3554 88
360 3491 472 3554 statuit
492 3491 602 3574 urbes,
631 3513 711 3576 quae
734 3492 809 3557 viris
831 3494 888 3555 aut
909 3492 979 3556 loco
1000 3511 1059 3575 pro
1081 3489 1226 3579 hostibus

142 3591 311 3656 advorsum
344 3612 378 3656 se
411 3592 701 3676 opportunissimae
728 3596 835 3677 erant,
872 3593 1015 3677 singrdas
1044 3589 1231 3656 circumveni

142 3691 253 3755 -Im
277 3692 415 3758 Catilina
437 3693 513 3758 kain
536 3693 683 3778 Beispiel.

226 3793 325 3858 Bell.
351 3794 430 3860 Afr.
461 3795 480 3860 8
503 3795 611 3880 etqui
634 3816 705 3859 cum
727 3816 764 3860 eo
786 3795 905 3860 bellum
928 3796 1039 3860 contra
1061 3815 1096 3859 se
1116 3794 1231 3879 gereba

143 3894 234 3959 Hor.
258 3916 306 3980 ep.
329 3896 360 3979 2,
386 3898 414 3979 1,
437 3897 478 3962 83
500 3895 550 3960 vel
571 3896 646 3981 quia
667 3896 714 3960 nil
736 3899 869 3979 rectum,
892 3895 955 3960 nisi
977 3894 1060 3979 quod
1074 3894 1197 3979 placuit
1211 3895 1231 3959 si

144 3997 275 4061 ducunt.
298 4000 356 4061 sat.
379 3998 410 4080 2,
435 3999 464 4081 8,
492 3998 533 4061 82
560 3998 644 4082 quod
671 3996 732 4061 sibi
760 3997 902 4080 poscenti
930 4017 997 4061 non
1019 3996 1136 4060 dantur
1156 4017 1231 4080 poco

144 4098 249 4164 Ovid
276 4098 349 4163 fast.
379 4099 408 4182 6,
437 4098 496 4164 601
527 4099 581 4163 ubi
610 4101 679 4162 erat
703 4119 763 4162 sua
783 4098 883 4183 regia.
908 4099 937 4182 l,
960 4097 1032 4162 446.
1054 4097 1087 4180 2,
1109 4097 1183 4166 326.
1205 4120 1231 4162 m

144 4200 173 4278 8,
203 4200 276 4268 647.
308 4200 357 4284 15,
387 4199 460 4265 819.
505 4199 584 4264 Liv.
614 4201 643 4284 7,
665 4201 705 4265 37
736 4202 863 4264 centum
890 4199 986 4263 boves
1015 4197 1172 4263 militibus
1199 4198 1231 4264 dr

145 4300 246 4385 dedit,
281 4301 332 4385 qui
367 4323 474 4366 secum
509 4301 543 4364 in
578 4301 779 4385 expeditione
805 4300 941 4366 fuerant.
971 4300 1001 4383 8,
1030 4300 1072 4365 35
1099 4322 1188 4364 suam
1216 4300 1231 4364 i:

145 4401 247 4468 vicem
269 4402 371 4491 magis
394 4402 505 4467 anxios
528 4424 622 4490 quam
644 4402 721 4488 eius,
744 4402 794 4468 oui
817 4401 969 4468 auxilium
991 4401 1033 4465 ab
1056 4423 1090 4466 sc
1103 4401 1231 4489 petebat
